<?xml version="1.0" encoding="UTF-8"?>
<!DOCTYPE html PUBLIC "-//W3C//DTD XHTML 1.0 Transitional//EN"
    "http://www.w3.org/TR/xhtml1/DTD/xhtml1-transitional.dtd">
<html xmlns="http://www.w3.org/1999/xhtml" xml:lang="en" lang="en">
 <head>
  <title>
</title>
<meta http-equiv="Content-Type" content="text/html;charset=utf-8" />
  <meta name='ocr-system' content='tesseract 3.04.00' />
  <meta name='ocr-capabilities' content='ocr_page ocr_carea ocr_par ocr_line ocrx_word'/>
</head>
<body>
  <div class='ocr_page' id='page_1' title='image "./pterentiafricomo00tereuoft/pterentiafricomo00tereuoft_0111.png"; bbox 0 0 1700 2984; ppageno 0'>
   <div class='ocr_carea' id='block_1_1' title="bbox 111 139 1457 202">
    <p class='ocr_par' dir='ltr' id='par_1_1' title="bbox 111 139 1457 202">
     <span class='ocr_line' id='line_1_1' title="bbox 111 139 1457 202; baseline -0.01 -9"><span class='ocrx_word' id='word_1_1' title='bbox 111 155 160 202; x_wconf 89' lang='grc' dir='ltr'>ΙΙ,</span> <span class='ocrx_word' id='word_1_2' title='bbox 177 156 198 191; x_wconf 89' lang='lat'><strong>3</strong></span> <span class='ocrx_word' id='word_1_3' title='bbox 506 152 750 190; x_wconf 87' lang='lat' dir='ltr'><strong>HEAVTON</strong></span> <span class='ocrx_word' id='word_1_4' title='bbox 775 148 1141 188; x_wconf 86' lang='lat' dir='ltr'>TIMORVMENOS</span> <span class='ocrx_word' id='word_1_5' title='bbox 1404 139 1457 181; x_wconf 82' lang='grc'>63</span> 
     </span>
    </p>
   </div>
   <div class='ocr_carea' id='block_1_2' title="bbox 127 231 1555 2709">
    <p class='ocr_par' dir='ltr' id='par_1_2' title="bbox 127 231 1555 2709">
     <span class='ocr_line' id='line_1_2' title="bbox 291 231 1550 293; baseline -0.004 -15"><span class='ocrx_word' id='word_1_6' title='bbox 291 237 496 293; x_wconf 79' lang='lat' dir='ltr'>Propera:</span> <span class='ocrx_word' id='word_1_7' title='bbox 522 235 623 290; x_wconf 85' lang='lat' dir='ltr'>quid</span> <span class='ocrx_word' id='word_1_8' title='bbox 642 235 751 277; x_wconf 82' lang='lat' dir='ltr'>stas?</span> <span class='ocrx_word' id='word_1_9' title='bbox 782 233 898 277; x_wconf 70' lang='grc' dir='ltr'>ΟΜΝ.</span> <span class='ocrx_word' id='word_1_10' title='bbox 925 234 1016 277; x_wconf 75' lang='lat' dir='ltr'>Vae</span> <span class='ocrx_word' id='word_1_11' title='bbox 1037 233 1188 274; x_wconf 85' lang='lat' dir='ltr'>misero</span> <span class='ocrx_word' id='word_1_12' title='bbox 1207 231 1276 280; x_wconf 90' lang='lat' dir='ltr'>mi,</span> <span class='ocrx_word' id='word_1_13' title='bbox 1302 233 1458 286; x_wconf 53' lang='lat' dir='ltr'>quanta</span> <span class='ocrx_word' id='word_1_14' title='bbox 1482 238 1550 273; x_wconf 81' lang='lat'>‘250</span> 
     </span>
     <span class='ocr_line' id='line_1_3' title="bbox 738 295 1067 352; baseline -0.006 -14"><span class='ocrx_word' id='word_1_15' title='bbox 738 297 789 338; x_wconf 89' lang='lat' dir='ltr'>de</span> <span class='ocrx_word' id='word_1_16' title='bbox 815 312 888 352; x_wconf 90' lang='lat' dir='ltr'>spe</span> <span class='ocrx_word' id='word_1_17' title='bbox 914 295 1067 338; x_wconf 58' lang='lat' dir='ltr'>decidi!</span> 
     </span>
     <span class='ocr_line' id='line_1_4' title="bbox 129 355 1458 414; baseline -0.005 -11"><span class='ocrx_word' id='word_1_18' title='bbox 129 375 160 400; x_wconf 84' lang='lat'>10</span> <span class='ocrx_word' id='word_1_19' title='bbox 180 360 293 403; x_wconf 72' lang='lat' dir='ltr'>Cm.</span> <span class='ocrx_word' id='word_1_20' title='bbox 321 361 435 414; x_wconf 89' lang='lat' dir='ltr'>Quid</span> <span class='ocrx_word' id='word_1_21' title='bbox 459 360 591 402; x_wconf 81' lang='lat' dir='ltr'>istuc?</span> <span class='ocrx_word' id='word_1_22' title='bbox 620 374 727 414; x_wconf 82' lang='lat' dir='ltr'>quae</span> <span class='ocrx_word' id='word_1_23' title='bbox 758 374 822 401; x_wconf 85' lang='lat' dir='ltr'>res</span> <span class='ocrx_word' id='word_1_24' title='bbox 853 361 893 400; x_wconf 74' lang='lat' dir='ltr'>te</span> <span class='ocrx_word' id='word_1_25' title='bbox 919 358 1111 401; x_wconf 80' lang='lat' dir='ltr'>sollicitat</span> <span class='ocrx_word' id='word_1_26' title='bbox 1141 356 1306 398; x_wconf 77' lang='lat' dir='ltr'>autem?</span> <span class='ocrx_word' id='word_1_27' title='bbox 1343 355 1458 398; x_wconf 67' lang='grc' dir='ltr'>ΟΜΝ.</span> 
     </span>
     <span class='ocr_line' id='line_1_5' title="bbox 738 420 1168 476; baseline -0.002 -15"><span class='ocrx_word' id='word_1_28' title='bbox 738 421 912 476; x_wconf 78' lang='lat' dir='ltr'>Rogitas</span> <span class='ocrx_word' id='word_1_29' title='bbox 939 420 1039 474; x_wconf 86' lang='lat' dir='ltr'>quid</span> <span class='ocrx_word' id='word_1_30' title='bbox 1064 420 1168 461; x_wconf 86' lang='lat' dir='ltr'>siet?</span> 
     </span>
     <span class='ocr_line' id='line_1_6' title="bbox 291 484 1460 537; baseline -0.006 -9"><span class='ocrx_word' id='word_1_31' title='bbox 291 486 430 529; x_wconf 80' lang='lat' dir='ltr'>Viden</span> <span class='ocrx_word' id='word_1_32' title='bbox 455 485 526 526; x_wconf 87' lang='lat' dir='ltr'>tu?</span> <span class='ocrx_word' id='word_1_33' title='bbox 556 485 725 526; x_wconf 78' lang='lat' dir='ltr'>ancillas</span> <span class='ocrx_word' id='word_1_34' title='bbox 746 485 893 524; x_wconf 78' lang='lat' dir='ltr'>aurum</span> <span class='ocrx_word' id='word_1_35' title='bbox 912 490 1086 532; x_wconf 84' lang='lat' dir='ltr'>uestem,</span> <span class='ocrx_word' id='word_1_36' title='bbox 1111 484 1237 536; x_wconf 65' lang='lat' dir='ltr'>quaim</span> <span class='ocrx_word' id='word_1_37' title='bbox 1262 496 1340 537; x_wconf 81' lang='lat' dir='ltr'>ego</span> <span class='ocrx_word' id='word_1_38' title='bbox 1366 496 1460 522; x_wconf 88' lang='lat' dir='ltr'>oum</span> 
     </span>
     <span class='ocr_line' id='line_1_7' title="bbox 741 545 1047 587; baseline -0.003 0"><span class='ocrx_word' id='word_1_39' title='bbox 741 561 826 587; x_wconf 89' lang='lat' dir='ltr'>una</span> <span class='ocrx_word' id='word_1_40' title='bbox 851 545 1047 587; x_wconf 80' lang='lat' dir='ltr'>ancillula</span> 
     </span>
     <span class='ocr_line' id='line_1_8' title="bbox 291 606 1462 663; baseline -0.003 -12"><span class='ocrx_word' id='word_1_41' title='bbox 291 611 375 651; x_wconf 80' lang='lat' dir='ltr'>Hic</span> <span class='ocrx_word' id='word_1_42' title='bbox 393 609 552 663; x_wconf 86' lang='lat' dir='ltr'><strong>reliqui,</strong></span> <span class='ocrx_word' id='word_1_43' title='bbox 579 609 690 650; x_wconf 86' lang='lat' dir='ltr'>unde</span> <span class='ocrx_word' id='word_1_44' title='bbox 711 610 745 649; x_wconf 76' lang='lat' dir='ltr'>ei</span> <span class='ocrx_word' id='word_1_45' title='bbox 763 610 854 649; x_wconf 76' lang='lat' dir='ltr'>esse</span> <span class='ocrx_word' id='word_1_46' title='bbox 874 608 1044 649; x_wconf 81' lang='lat' dir='ltr'>censes?</span> <span class='ocrx_word' id='word_1_47' title='bbox 1081 606 1195 648; x_wconf 63' lang='lat' dir='ltr'>Cm‘r.</span> <span class='ocrx_word' id='word_1_48' title='bbox 1221 606 1331 655; x_wconf 57' lang='lat' dir='ltr'>Vah,</span> <span class='ocrx_word' id='word_1_49' title='bbox 1351 620 1462 647; x_wconf 82' lang='lat' dir='ltr'>nuno</span> 
     </span>
     <span class='ocr_line' id='line_1_9' title="bbox 741 670 1145 725; baseline -0.002 -14"><span class='ocrx_word' id='word_1_50' title='bbox 741 670 908 712; x_wconf 89' lang='lat' dir='ltr'>demum</span> <span class='ocrx_word' id='word_1_51' title='bbox 933 670 1145 725; x_wconf 74' lang='lat' dir='ltr'>intellego.</span> 
     </span>
     <span class='ocr_line' id='line_1_10' title="bbox 180 731 1461 787; baseline -0.004 -11"><span class='ocrx_word' id='word_1_52' title='bbox 180 734 252 776; x_wconf 72' lang='lat' dir='ltr'>Sv.</span> <span class='ocrx_word' id='word_1_53' title='bbox 291 735 349 775; x_wconf 87' lang='lat' dir='ltr'>Di</span> <span class='ocrx_word' id='word_1_54' title='bbox 373 734 484 784; x_wconf 91' lang='lat' dir='ltr'>boni,</span> <span class='ocrx_word' id='word_1_55' title='bbox 510 733 612 787; x_wconf 85' lang='lat' dir='ltr'>quid</span> <span class='ocrx_word' id='word_1_56' title='bbox 630 732 834 774; x_wconf 74' lang='lat' dir='ltr'>turbaest!</span> <span class='ocrx_word' id='word_1_57' title='bbox 861 733 985 774; x_wconf 83' lang='lat' dir='ltr'>aedes</span> <span class='ocrx_word' id='word_1_58' title='bbox 1005 733 1171 773; x_wconf 82' lang='lat' dir='ltr'>nostrae</span> <span class='ocrx_word' id='word_1_59' title='bbox 1191 731 1262 772; x_wconf 85' lang='lat' dir='ltr'>uix</span> <span class='ocrx_word' id='word_1_60' title='bbox 1284 731 1461 786; x_wconf 84' lang='lat' dir='ltr'>oapie&#39;nt,</span> 
     </span>
     <span class='ocr_line' id='line_1_11' title="bbox 742 795 841 836; baseline -0.01 0"><span class='ocrx_word' id='word_1_61' title='bbox 742 795 841 836; x_wconf 85' lang='lat' dir='ltr'>scio.</span> 
     </span>
     <span class='ocr_line' id='line_1_12' title="bbox 293 855 1554 911; baseline -0.003 -11"><span class='ocrx_word' id='word_1_62' title='bbox 293 858 406 911; x_wconf 88' lang='lat' dir='ltr'>Quid</span> <span class='ocrx_word' id='word_1_63' title='bbox 449 857 686 899; x_wconf 80' lang='lat' dir='ltr'>comedent!</span> <span class='ocrx_word' id='word_1_64' title='bbox 728 857 830 911; x_wconf 88' lang='lat' dir='ltr'>quid</span> <span class='ocrx_word' id='word_1_65' title='bbox 872 855 1060 898; x_wconf 77' lang='lat' dir='ltr'>ebibent!</span> <span class='ocrx_word' id='word_1_66' title='bbox 1104 855 1205 909; x_wconf 84' lang='lat' dir='ltr'>quid</span> <span class='ocrx_word' id='word_1_67' title='bbox 1248 857 1344 897; x_wconf 77' lang='lat' dir='ltr'>sene</span> <span class='ocrx_word' id='word_1_68' title='bbox 1387 856 1461 897; x_wconf 86' lang='lat' dir='ltr'>erit</span> <span class='ocrx_word' id='word_1_69' title='bbox 1486 862 1554 896; x_wconf 80' lang='lat'>255</span> 
     </span>
     <span class='ocr_line' id='line_1_13' title="bbox 739 918 1124 960; baseline -0.005 0"><span class='ocrx_word' id='word_1_70' title='bbox 739 926 881 960; x_wconf 82' lang='lat' dir='ltr'>nostro</span> <span class='ocrx_word' id='word_1_71' title='bbox 906 918 1124 960; x_wconf 84' lang='lat' dir='ltr'>miserius?</span> 
     </span>
     <span class='ocr_line' id='line_1_14' title="bbox 129 979 1463 1036; baseline -0.003 -11"><span class='ocrx_word' id='word_1_72' title='bbox 129 994 161 1021; x_wconf 82' lang='lat'>15</span> <span class='ocrx_word' id='word_1_73' title='bbox 293 983 379 1025; x_wconf 70' lang='lat' dir='ltr'>sed</span> <span class='ocrx_word' id='word_1_74' title='bbox 399 997 518 1025; x_wconf 83' lang='lat' dir='ltr'>eccos</span> <span class='ocrx_word' id='word_1_75' title='bbox 544 982 665 1024; x_wconf 88' lang='lat' dir='ltr'>uideo</span> <span class='ocrx_word' id='word_1_76' title='bbox 685 983 789 1036; x_wconf 82' lang='lat' dir='ltr'>quos</span> <span class='ocrx_word' id='word_1_77' title='bbox 810 981 1015 1022; x_wconf 83' lang='lat' dir='ltr'>uolebam.</span> <span class='ocrx_word' id='word_1_78' title='bbox 1055 979 1171 1022; x_wconf 83' lang='lat' dir='ltr'><strong>CLIN.</strong></span> <span class='ocrx_word' id='word_1_79' title='bbox 1199 979 1239 1021; x_wconf 90' lang='lat' dir='ltr'>O</span> <span class='ocrx_word' id='word_1_80' title='bbox 1262 981 1463 1035; x_wconf 77' lang='lat' dir='ltr'>Iuppiter,</span> 
     </span>
     <span class='ocr_line' id='line_1_15' title="bbox 741 1043 1125 1085; baseline -0.005 0"><span class='ocrx_word' id='word_1_81' title='bbox 741 1044 812 1085; x_wconf 85' lang='lat' dir='ltr'>ubi</span> <span class='ocrx_word' id='word_1_82' title='bbox 836 1046 974 1084; x_wconf 65' lang='lat' dir='ltr'>naimst</span> <span class='ocrx_word' id='word_1_83' title='bbox 997 1043 1125 1084; x_wconf 82' lang='lat' dir='ltr'>fides?</span> 
     </span>
     <span class='ocr_line' id='line_1_16' title="bbox 290 1105 1462 1162; baseline -0.003 -13"><span class='ocrx_word' id='word_1_84' title='bbox 290 1107 407 1149; x_wconf 88' lang='lat' dir='ltr'>Dum</span> <span class='ocrx_word' id='word_1_85' title='bbox 433 1122 511 1162; x_wconf 82' lang='lat' dir='ltr'>ego</span> <span class='ocrx_word' id='word_1_86' title='bbox 536 1108 704 1162; x_wconf 80' lang='lat' dir='ltr'>propter</span> <span class='ocrx_word' id='word_1_87' title='bbox 729 1114 768 1147; x_wconf 88' lang='lat' dir='ltr'>te</span> <span class='ocrx_word' id='word_1_88' title='bbox 795 1121 936 1148; x_wconf 83' lang='lat' dir='ltr'>errans</span> <span class='ocrx_word' id='word_1_89' title='bbox 967 1105 1101 1160; x_wconf 66' lang='lat' dir='ltr'>pzitria</span> <span class='ocrx_word' id='word_1_90' title='bbox 1132 1119 1252 1146; x_wconf 81' lang='lat' dir='ltr'>careo</span> <span class='ocrx_word' id='word_1_91' title='bbox 1278 1105 1462 1155; x_wconf 78' lang='lat' dir='ltr'>demens,</span> 
     </span>
     <span class='ocr_line' id='line_1_17' title="bbox 743 1168 1073 1210; baseline -0.006 0"><span class='ocrx_word' id='word_1_92' title='bbox 743 1177 786 1210; x_wconf 80' lang='lat' dir='ltr'>tu</span> <span class='ocrx_word' id='word_1_93' title='bbox 811 1169 970 1209; x_wconf 60' lang='lat' dir='ltr'>interea</span> <span class='ocrx_word' id='word_1_94' title='bbox 993 1168 1073 1208; x_wconf 83' lang='lat' dir='ltr'>loci</span> 
     </span>
     <span class='ocr_line' id='line_1_18' title="bbox 293 1218 1465 1286; baseline -0.002 -13"><span class='ocrx_word' id='word_1_95' title='bbox 293 1230 648 1286; x_wconf 77' lang='lat' dir='ltr'>Conlocupletasti</span> <span class='ocrx_word' id='word_1_96' title='bbox 682 1239 734 1281; x_wconf 80' lang='lat' dir='ltr'>te,</span> <span class='ocrx_word' id='word_1_97' title='bbox 771 1218 1007 1285; x_wconf 73' lang='lat' dir='ltr'>Antiphila,</span> <span class='ocrx_word' id='word_1_98' title='bbox 1044 1238 1084 1271; x_wconf 86' lang='lat' dir='ltr'>et</span> <span class='ocrx_word' id='word_1_99' title='bbox 1120 1245 1186 1272; x_wconf 89' lang='lat' dir='ltr'>me</span> <span class='ocrx_word' id='word_1_100' title='bbox 1222 1230 1264 1271; x_wconf 91' lang='lat' dir='ltr'>in</span> <span class='ocrx_word' id='word_1_101' title='bbox 1301 1229 1363 1271; x_wconf 86' lang='lat' dir='ltr'>his</span> <span class='ocrx_word' id='word_1_102' title='bbox 1394 1230 1465 1271; x_wconf 88' lang='lat' dir='ltr'>de—</span> 
     </span>
     <span class='ocr_line' id='line_1_19' title="bbox 745 1292 1065 1341; baseline -0.006 -6"><span class='ocrx_word' id='word_1_103' title='bbox 745 1293 909 1335; x_wconf 79' lang='lat' dir='ltr'>seruisti</span> <span class='ocrx_word' id='word_1_104' title='bbox 933 1292 1065 1341; x_wconf 85' lang='lat' dir='ltr'>malis,</span> 
     </span>
     <span class='ocr_line' id='line_1_20' title="bbox 291 1354 1463 1412; baseline -0.002 -15"><span class='ocrx_word' id='word_1_105' title='bbox 291 1356 469 1412; x_wconf 85' lang='lat' dir='ltr'>Propte&#39;r</span> <span class='ocrx_word' id='word_1_106' title='bbox 488 1371 613 1410; x_wconf 83' lang='lat' dir='ltr'>quam</span> <span class='ocrx_word' id='word_1_107' title='bbox 632 1355 674 1397; x_wconf 88' lang='lat' dir='ltr'>in</span> <span class='ocrx_word' id='word_1_108' title='bbox 695 1371 858 1397; x_wconf 82' lang='lat' dir='ltr'>summa</span> <span class='ocrx_word' id='word_1_109' title='bbox 876 1354 1048 1395; x_wconf 66' lang='lat' dir='ltr'>infzimia</span> <span class='ocrx_word' id='word_1_110' title='bbox 1067 1370 1158 1395; x_wconf 87' lang='lat' dir='ltr'>sum</span> <span class='ocrx_word' id='word_1_111' title='bbox 1185 1362 1225 1395; x_wconf 82' lang='lat' dir='ltr'>et</span> <span class='ocrx_word' id='word_1_112' title='bbox 1244 1355 1335 1395; x_wconf 78' lang='lat' dir='ltr'>meo</span> <span class='ocrx_word' id='word_1_113' title='bbox 1356 1355 1463 1409; x_wconf 84' lang='lat' dir='ltr'>patri</span> 
     </span>
     <span class='ocr_line' id='line_1_21' title="bbox 740 1417 1275 1471; baseline -0.002 -13"><span class='ocrx_word' id='word_1_114' title='bbox 740 1418 876 1458; x_wconf 88' lang='lat' dir='ltr'>minus</span> <span class='ocrx_word' id='word_1_115' title='bbox 902 1432 994 1458; x_wconf 84' lang='lat' dir='ltr'>sum</span> <span class='ocrx_word' id='word_1_116' title='bbox 1020 1417 1275 1471; x_wconf 81' lang='lat' dir='ltr'>obsequens:</span> 
     </span>
     <span class='ocr_line' id='line_1_22' title="bbox 294 1479 1555 1535; baseline -0.002 -13"><span class='ocrx_word' id='word_1_117' title='bbox 294 1480 457 1533; x_wconf 77' lang='lat' dir='ltr'>Quoius</span> <span class='ocrx_word' id='word_1_118' title='bbox 494 1481 605 1521; x_wconf 75' lang='lat' dir='ltr'>nune</span> <span class='ocrx_word' id='word_1_119' title='bbox 641 1480 770 1535; x_wconf 83' lang='lat' dir='ltr'>pudet</span> <span class='ocrx_word' id='word_1_120' title='bbox 805 1495 871 1521; x_wconf 92' lang='lat' dir='ltr'>me</span> <span class='ocrx_word' id='word_1_121' title='bbox 908 1487 947 1521; x_wconf 87' lang='lat' dir='ltr'>et</span> <span class='ocrx_word' id='word_1_122' title='bbox 982 1481 1168 1529; x_wconf 80' lang='lat' dir='ltr'>miseret,</span> <span class='ocrx_word' id='word_1_123' title='bbox 1206 1479 1277 1533; x_wconf 89' lang='lat' dir='ltr'>qui</span> <span class='ocrx_word' id='word_1_124' title='bbox 1315 1479 1462 1520; x_wconf 85' lang='lat' dir='ltr'>harum</span> <span class='ocrx_word' id='word_1_125' title='bbox 1487 1480 1555 1515; x_wconf 76' lang='lat'>260</span> 
     </span>
     <span class='ocr_line' id='line_1_23' title="bbox 743 1541 1238 1590; baseline -0.006 -6"><span class='ocrx_word' id='word_1_126' title='bbox 743 1544 878 1584; x_wconf 81' lang='lat' dir='ltr'>mores</span> <span class='ocrx_word' id='word_1_127' title='bbox 904 1542 1099 1584; x_wconf 54' lang='lat' dir='ltr'>cantabat</span> <span class='ocrx_word' id='word_1_128' title='bbox 1123 1541 1238 1590; x_wconf 85' lang='lat' dir='ltr'>mihi,</span> 
     </span>
     <span class='ocr_line' id='line_1_24' title="bbox 129 1604 1463 1659; baseline 0.001 -15"><span class='ocrx_word' id='word_1_129' title='bbox 129 1619 163 1645; x_wconf 83' lang='lat'>20</span> <span class='ocrx_word' id='word_1_130' title='bbox 291 1605 508 1647; x_wconf 83' lang='lat' dir='ltr'>Monuisse</span> <span class='ocrx_word' id='word_1_131' title='bbox 534 1605 688 1646; x_wconf 83' lang='lat' dir='ltr'>frustra</span> <span class='ocrx_word' id='word_1_132' title='bbox 712 1607 847 1659; x_wconf 76' lang='lat' dir='ltr'>neque</span> <span class='ocrx_word' id='word_1_133' title='bbox 868 1620 963 1646; x_wconf 89' lang='lat' dir='ltr'>eum</span> <span class='ocrx_word' id='word_1_134' title='bbox 987 1604 1171 1659; x_wconf 86' lang='lat' dir='ltr'>potuisse</span> <span class='ocrx_word' id='word_1_135' title='bbox 1190 1605 1390 1658; x_wconf 77' lang='lat' dir='ltr'>umquam</span> <span class='ocrx_word' id='word_1_136' title='bbox 1410 1604 1463 1645; x_wconf 83' lang='lat' dir='ltr'>ab</span> 
     </span>
     <span class='ocr_line' id='line_1_25' title="bbox 742 1667 1147 1721; baseline -0.002 -13"><span class='ocrx_word' id='word_1_137' title='bbox 742 1668 820 1708; x_wconf 83' lang='lat' dir='ltr'>hae</span> <span class='ocrx_word' id='word_1_138' title='bbox 844 1682 910 1708; x_wconf 90' lang='lat' dir='ltr'>me</span> <span class='ocrx_word' id='word_1_139' title='bbox 935 1667 1147 1721; x_wconf 75' lang='lat' dir='ltr'>aspellere.</span> 
     </span>
     <span class='ocr_line' id='line_1_26' title="bbox 293 1730 1462 1784; baseline -0.002 -12"><span class='ocrx_word' id='word_1_140' title='bbox 293 1730 418 1783; x_wconf 88' lang='lat' dir='ltr'>Quod</span> <span class='ocrx_word' id='word_1_141' title='bbox 454 1732 594 1772; x_wconf 63' lang='lat' dir='ltr'>taimen</span> <span class='ocrx_word' id='word_1_142' title='bbox 630 1745 742 1772; x_wconf 83' lang='lat' dir='ltr'>nuno</span> <span class='ocrx_word' id='word_1_143' title='bbox 778 1730 948 1779; x_wconf 83' lang='lat' dir='ltr'>faoiam3</span> <span class='ocrx_word' id='word_1_144' title='bbox 990 1730 1098 1778; x_wconf 76' lang='lat' dir='ltr'>tum,</span> <span class='ocrx_word' id='word_1_145' title='bbox 1135 1744 1260 1783; x_wconf 89' lang='lat' dir='ltr'>quom</span> <span class='ocrx_word' id='word_1_146' title='bbox 1298 1736 1462 1784; x_wconf 80' lang='lat' dir='ltr'>gratum</span> 
     </span>
     <span class='ocr_line' id='line_1_27' title="bbox 742 1791 1281 1846; baseline 0 -14"><span class='ocrx_word' id='word_1_147' title='bbox 742 1792 842 1833; x_wconf 84' lang='lat' dir='ltr'>mihi</span> <span class='ocrx_word' id='word_1_148' title='bbox 867 1807 957 1833; x_wconf 87' lang='lat' dir='ltr'>esse</span> <span class='ocrx_word' id='word_1_149' title='bbox 981 1792 1128 1846; x_wconf 80' lang='lat' dir='ltr'>potuit,</span> <span class='ocrx_word' id='word_1_150' title='bbox 1154 1791 1281 1833; x_wconf 83' lang='lat' dir='ltr'>nolui.</span> 
     </span>
     <span class='ocr_line' id='line_1_28' title="bbox 291 1853 1461 1897; baseline -0.002 0"><span class='ocrx_word' id='word_1_151' title='bbox 291 1856 465 1897; x_wconf 75' lang='lat' dir='ltr'>Nemost</span> <span class='ocrx_word' id='word_1_152' title='bbox 496 1854 682 1896; x_wconf 85' lang='lat' dir='ltr'>miserior</span> <span class='ocrx_word' id='word_1_153' title='bbox 713 1870 792 1895; x_wconf 89' lang='lat' dir='ltr'>me.</span> <span class='ocrx_word' id='word_1_154' title='bbox 843 1853 913 1897; x_wconf 75' lang='lat' dir='ltr'>SY.</span> <span class='ocrx_word' id='word_1_155' title='bbox 945 1855 1028 1895; x_wconf 78' lang='lat' dir='ltr'>Hic</span> <span class='ocrx_word' id='word_1_156' title='bbox 1059 1854 1111 1895; x_wconf 90' lang='lat' dir='ltr'>de</span> <span class='ocrx_word' id='word_1_157' title='bbox 1142 1854 1291 1895; x_wconf 86' lang='lat' dir='ltr'>nostris</span> <span class='ocrx_word' id='word_1_158' title='bbox 1322 1854 1461 1896; x_wconf 86' lang='lat' dir='ltr'>ue&#39;rbis</span> 
     </span>
     <span class='ocr_line' id='line_1_29' title="bbox 740 1916 1079 1965; baseline -0.003 -7"><span class='ocrx_word' id='word_1_159' title='bbox 740 1924 846 1958; x_wconf 83' lang='lat' dir='ltr'>errat</span> <span class='ocrx_word' id='word_1_160' title='bbox 872 1916 1079 1965; x_wconf 84' lang='lat' dir='ltr'>uidelicet,</span> 
     </span>
     <span class='ocr_line' id='line_1_30' title="bbox 291 1977 1459 2033; baseline -0.003 -11"><span class='ocrx_word' id='word_1_161' title='bbox 291 1980 412 2033; x_wconf 79' lang='lat' dir='ltr'>Quae</span> <span class='ocrx_word' id='word_1_162' title='bbox 437 1980 503 2022; x_wconf 82' lang='lat' dir='ltr'>hie</span> <span class='ocrx_word' id='word_1_163' title='bbox 529 1981 670 2022; x_wconf 77' lang='lat' dir='ltr'>sumus</span> <span class='ocrx_word' id='word_1_164' title='bbox 695 1980 835 2021; x_wconf 77' lang='lat' dir='ltr'>locuti.</span> <span class='ocrx_word' id='word_1_165' title='bbox 886 1977 1035 2028; x_wconf 78' lang='lat' dir='ltr'>Clinia,</span> <span class='ocrx_word' id='word_1_166' title='bbox 1062 1979 1180 2020; x_wconf 81' lang='lat' dir='ltr'>aliter</span> <span class='ocrx_word' id='word_1_167' title='bbox 1204 1979 1319 2020; x_wconf 71' lang='lat' dir='ltr'>tuom</span> <span class='ocrx_word' id='word_1_168' title='bbox 1345 1993 1459 2020; x_wconf 81' lang='lat' dir='ltr'>amo-</span> 
     </span>
     <span class='ocr_line' id='line_1_31' title="bbox 742 2041 1278 2095; baseline 0 -13"><span class='ocrx_word' id='word_1_169' title='bbox 742 2057 830 2083; x_wconf 85' lang='lat' dir='ltr'>rem</span> <span class='ocrx_word' id='word_1_170' title='bbox 855 2049 979 2095; x_wconf 82' lang='lat' dir='ltr'>atque</span> <span class='ocrx_word' id='word_1_171' title='bbox 1006 2048 1080 2091; x_wconf 85' lang='lat' dir='ltr'>est,</span> <span class='ocrx_word' id='word_1_172' title='bbox 1106 2041 1278 2095; x_wconf 57' lang='lat' dir='ltr'>accipis:</span> 
     </span>
     <span class='ocr_line' id='line_1_32' title="bbox 289 2104 1552 2159; baseline -0.002 -12"><span class='ocrx_word' id='word_1_173' title='bbox 289 2106 397 2147; x_wconf 85' lang='lat' dir='ltr'>Nam</span> <span class='ocrx_word' id='word_1_174' title='bbox 415 2113 455 2146; x_wconf 84' lang='lat' dir='ltr'>et</span> <span class='ocrx_word' id='word_1_175' title='bbox 469 2107 594 2147; x_wconf 85' lang='lat' dir='ltr'>uitast</span> <span class='ocrx_word' id='word_1_176' title='bbox 608 2105 754 2147; x_wconf 87' lang='lat' dir='ltr'>eadem</span> <span class='ocrx_word' id='word_1_177' title='bbox 769 2112 807 2146; x_wconf 85' lang='lat' dir='ltr'>et</span> <span class='ocrx_word' id='word_1_178' title='bbox 827 2105 991 2145; x_wconf 65' lang='lat' dir='ltr'>{inimus</span> <span class='ocrx_word' id='word_1_179' title='bbox 1006 2111 1045 2146; x_wconf 83' lang='lat' dir='ltr'>te</span> <span class='ocrx_word' id='word_1_180' title='bbox 1066 2119 1165 2159; x_wconf 76' lang='lat' dir='ltr'>erga</span> <span class='ocrx_word' id='word_1_181' title='bbox 1185 2104 1294 2145; x_wconf 87' lang='lat' dir='ltr'>idem</span> <span class='ocrx_word' id='word_1_182' title='bbox 1307 2106 1356 2145; x_wconf 71' lang='lat' dir='ltr'>aio</span> <span class='ocrx_word' id='word_1_183' title='bbox 1370 2104 1459 2154; x_wconf 78' lang='lat' dir='ltr'>fuit,</span> <span class='ocrx_word' id='word_1_184' title='bbox 1484 2107 1552 2142; x_wconf 72' lang='lat'>265</span> 
     </span>
     <span class='ocr_line' id='line_1_33' title="bbox 127 2166 1285 2223; baseline 0 -17"><span class='ocrx_word' id='word_1_185' title='bbox 127 2181 160 2206; x_wconf 69' lang='lat'>25</span> <span class='ocrx_word' id='word_1_186' title='bbox 292 2167 507 2220; x_wconf 85' lang='lat' dir='ltr'>Quantum</span> <span class='ocrx_word' id='word_1_187' title='bbox 534 2170 585 2210; x_wconf 75' lang='lat' dir='ltr'>ex</span> <span class='ocrx_word' id='word_1_188' title='bbox 609 2168 700 2223; x_wconf 83' lang='lat' dir='ltr'>ipsa</span> <span class='ocrx_word' id='word_1_189' title='bbox 724 2183 767 2208; x_wconf 89' lang='lat' dir='ltr'>re</span> <span class='ocrx_word' id='word_1_190' title='bbox 794 2167 1073 2209; x_wconf 69' lang='lat' dir='ltr'>coniecturam</span> <span class='ocrx_word' id='word_1_191' title='bbox 1098 2166 1285 2207; x_wconf 76' lang='lat' dir='ltr'>fecimus.</span> 
     </span>
     <span class='ocr_line' id='line_1_34' title="bbox 179 2229 1460 2283; baseline -0.002 -11"><span class='ocrx_word' id='word_1_192' title='bbox 179 2230 295 2272; x_wconf 68' lang='grc' dir='ltr'><strong>ΟΜΝ.</strong></span> <span class='ocrx_word' id='word_1_193' title='bbox 322 2230 437 2283; x_wconf 90' lang='lat' dir='ltr'>Quid</span> <span class='ocrx_word' id='word_1_194' title='bbox 474 2238 535 2272; x_wconf 84' lang='lat' dir='ltr'>est</span> <span class='ocrx_word' id='word_1_195' title='bbox 572 2230 769 2272; x_wconf 79' lang='lat' dir='ltr'>obsecro?</span> <span class='ocrx_word' id='word_1_196' title='bbox 815 2246 912 2271; x_wconf 85' lang='lat' dir='ltr'>nam</span> <span class='ocrx_word' id='word_1_197' title='bbox 948 2229 1047 2270; x_wconf 85' lang='lat' dir='ltr'>mihi</span> <span class='ocrx_word' id='word_1_198' title='bbox 1083 2244 1194 2270; x_wconf 84' lang='lat' dir='ltr'>nuno</span> <span class='ocrx_word' id='word_1_199' title='bbox 1229 2229 1287 2269; x_wconf 88' lang='lat' dir='ltr'>nil</span> <span class='ocrx_word' id='word_1_200' title='bbox 1322 2245 1460 2271; x_wconf 87' lang='lat' dir='ltr'>rerum</span> 
     </span>
     <span class='ocr_line' id='line_1_35' title="bbox 739 2293 965 2333; baseline 0 0"><span class='ocrx_word' id='word_1_201' title='bbox 739 2293 965 2333; x_wconf 77' lang='lat' dir='ltr'>omniumst</span> 
     </span>
     <span class='ocr_line' id='line_1_36' title="bbox 293 2353 1345 2409; baseline -0.001 -13"><span class='ocrx_word' id='word_1_202' title='bbox 293 2355 419 2407; x_wconf 87' lang='lat' dir='ltr'>Quod</span> <span class='ocrx_word' id='word_1_203' title='bbox 443 2354 584 2395; x_wconf 55' lang='lat' dir='ltr'>malim</span> <span class='ocrx_word' id='word_1_204' title='bbox 610 2369 737 2409; x_wconf 87' lang='lat' dir='ltr'>quam</span> <span class='ocrx_word' id='word_1_205' title='bbox 762 2370 829 2396; x_wconf 90' lang='lat' dir='ltr'>me</span> <span class='ocrx_word' id='word_1_206' title='bbox 854 2355 933 2396; x_wconf 88' lang='lat' dir='ltr'>hoo</span> <span class='ocrx_word' id='word_1_207' title='bbox 958 2354 1062 2395; x_wconf 57' lang='lat' dir='ltr'>falso</span> <span class='ocrx_word' id='word_1_208' title='bbox 1088 2353 1345 2408; x_wconf 61' lang='lat' dir='ltr'>suspicarier.</span> 
     </span>
     <span class='ocr_line' id='line_1_37' title="bbox 180 2417 1459 2472; baseline -0.001 -13"><span class='ocrx_word' id='word_1_209' title='bbox 180 2418 251 2460; x_wconf 66' lang='lat' dir='ltr'>Sv.</span> <span class='ocrx_word' id='word_1_210' title='bbox 290 2419 385 2459; x_wconf 82' lang='lat' dir='ltr'>Hoc</span> <span class='ocrx_word' id='word_1_211' title='bbox 398 2419 590 2472; x_wconf 83' lang='lat' dir='ltr'>primum,</span> <span class='ocrx_word' id='word_1_212' title='bbox 610 2426 657 2459; x_wconf 84' lang='lat' dir='ltr'>ut</span> <span class='ocrx_word' id='word_1_213' title='bbox 669 2433 722 2459; x_wconf 92' lang='lat' dir='ltr'>ne</span> <span class='ocrx_word' id='word_1_214' title='bbox 736 2417 837 2471; x_wconf 86' lang='lat' dir='ltr'>quid</span> <span class='ocrx_word' id='word_1_215' title='bbox 849 2417 971 2458; x_wconf 91' lang='lat' dir='ltr'>huius</span> <span class='ocrx_word' id='word_1_216' title='bbox 985 2432 1123 2457; x_wconf 87' lang='lat' dir='ltr'>rerum</span> <span class='ocrx_word' id='word_1_217' title='bbox 1136 2417 1320 2471; x_wconf 77' lang='lat' dir='ltr'>ignores:</span> <span class='ocrx_word' id='word_1_218' title='bbox 1342 2432 1459 2467; x_wconf 81' lang='lat' dir='ltr'>anus,</span> 
     </span>
     <span class='ocr_line' id='line_1_38' title="bbox 291 2479 1551 2532; baseline -0.002 -11"><span class='ocrx_word' id='word_1_219' title='bbox 291 2480 413 2532; x_wconf 78' lang='lat' dir='ltr'>Quae</span> <span class='ocrx_word' id='word_1_220' title='bbox 440 2487 501 2521; x_wconf 87' lang='lat' dir='ltr'>est</span> <span class='ocrx_word' id='word_1_221' title='bbox 527 2480 635 2521; x_wconf 82' lang='lat' dir='ltr'>dicta</span> <span class='ocrx_word' id='word_1_222' title='bbox 659 2487 792 2521; x_wconf 82' lang='lat' dir='ltr'>mater</span> <span class='ocrx_word' id='word_1_223' title='bbox 817 2481 907 2521; x_wconf 85' lang='lat' dir='ltr'>e&#39;sse</span> <span class='ocrx_word' id='word_1_224' title='bbox 933 2480 969 2521; x_wconf 89' lang='lat' dir='ltr'>ei</span> <span class='ocrx_word' id='word_1_225' title='bbox 995 2479 1182 2528; x_wconf 80' lang='lat' dir='ltr'>antehae,</span> <span class='ocrx_word' id='word_1_226' title='bbox 1208 2480 1292 2520; x_wconf 80' lang='lat' dir='ltr'>non</span> <span class='ocrx_word' id='word_1_227' title='bbox 1316 2480 1413 2529; x_wconf 84' lang='lat' dir='ltr'>fuit3</span> <span class='ocrx_word' id='word_1_228' title='bbox 1483 2483 1551 2518; x_wconf 79' lang='lat'>270</span> 
     </span>
     <span class='ocr_line' id='line_1_39' title="bbox 129 2542 1336 2597; baseline 0.002 -16"><span class='ocrx_word' id='word_1_229' title='bbox 129 2556 161 2581; x_wconf 83' lang='lat'>30</span> <span class='ocrx_word' id='word_1_230' title='bbox 294 2543 358 2583; x_wconf 75' lang='lat' dir='ltr'>Ea</span> <span class='ocrx_word' id='word_1_231' title='bbox 384 2542 484 2584; x_wconf 78' lang='lat' dir='ltr'>obiit</span> <span class='ocrx_word' id='word_1_232' title='bbox 510 2550 697 2584; x_wconf 87' lang='lat' dir='ltr'>mortem.</span> <span class='ocrx_word' id='word_1_233' title='bbox 729 2542 807 2583; x_wconf 87' lang='lat' dir='ltr'>hoc</span> <span class='ocrx_word' id='word_1_234' title='bbox 831 2544 923 2597; x_wconf 87' lang='lat' dir='ltr'>ipsa</span> <span class='ocrx_word' id='word_1_235' title='bbox 947 2543 988 2582; x_wconf 91' lang='lat' dir='ltr'>in</span> <span class='ocrx_word' id='word_1_236' title='bbox 1014 2542 1158 2583; x_wconf 80' lang='lat' dir='ltr'>itinere</span> <span class='ocrx_word' id='word_1_237' title='bbox 1183 2542 1336 2583; x_wconf 53' lang='lat' dir='ltr'>alterae</span> 
     </span>
     <span class='ocr_line' id='line_1_40' title="bbox 291 2602 1460 2655; baseline 0 -10"><span class='ocrx_word' id='word_1_238' title='bbox 291 2606 406 2646; x_wconf 87' lang='lat' dir='ltr'>Dum</span> <span class='ocrx_word' id='word_1_239' title='bbox 446 2607 596 2655; x_wconf 67' lang='lat' dir='ltr'>nzirrat,</span> <span class='ocrx_word' id='word_1_240' title='bbox 639 2605 744 2646; x_wconf 84' lang='lat' dir='ltr'>forte</span> <span class='ocrx_word' id='word_1_241' title='bbox 787 2605 941 2645; x_wconf 80' lang='lat' dir='ltr'>audiui.</span> <span class='ocrx_word' id='word_1_242' title='bbox 1003 2603 1116 2644; x_wconf 75' lang='lat' dir='ltr'>Cm&#39;r.</span> <span class='ocrx_word' id='word_1_243' title='bbox 1160 2602 1281 2655; x_wconf 84' lang='lat' dir='ltr'>Quae</span> <span class='ocrx_word' id='word_1_244' title='bbox 1324 2612 1460 2645; x_wconf 79' lang='lat' dir='ltr'>namst</span> 
     </span>
     <span class='ocr_line' id='line_1_41' title="bbox 739 2667 892 2709; baseline 0 -1"><span class='ocrx_word' id='word_1_245' title='bbox 739 2667 892 2709; x_wconf 54' lang='lat' dir='ltr'>ultera?</span> 
     </span>
    </p>
   </div>
  </div>
 </body>
</html>
