1664 2984
142 151 227 181 VTH

143 229 226 261 sunt
242 248 285 253 -—
307 227 402 261 inter
424 236 484 260 eos
510 225 633 260 Herm.
655 225 845 261 Schindler
868 227 1088 262 tabanturn.
1129 227 1176 262 ad
1204 228 1362 273 inopiam
1383 227 1570 262 redactum

142 272 306 311 (Observ.
331 272 408 306 crit.
434 284 468 316 p.
486 271 633 314 29—38)
650 282 740 306 novo
757 283 843 316 quo-
867 283 906 306 re
928 271 1098 307 familiari
1120 273 1250 308 misere
1271 272 1439 318 neglecta
1461 276 1569 316 atque

143 317 224 351 dam
243 318 352 351 allato
369 317 502 351 indicio
520 337 573 359 —-,
592 316 654 350 alii
671 317 841 351 oblocuti.
868 317 1180 364 indignabundum
1220 329 1302 351 eum
1334 328 1356 351 a
1388 317 1570 352 nobilibus

142 363 205 396 sed
219 374 299 396 cum
313 363 419 396 certis
433 361 654 407 argumentis
671 362 728 396 vel
743 362 843 396 testi·
868 363 992 397 amicis
1020 363 1135 397 Roma
1167 363 1375 397 discessisse
1409 362 1569 396 eiusdem

143 407 271 441 moniis
293 407 472 441 sententia
494 417 626 450 eorum,
651 407 712 451 qui
733 407 843 441 Adel·
868 407 974 442 Porci
1001 419 1124 442 versus
1152 408 1239 447 (Vit.
1264 408 1363 451 Ter.)
1391 407 1568 450 indicant3

143 453 232 496 phos
255 452 476 487 comoediam
504 452 576 485 iam
604 456 687 485 ante
712 463 844 486 annum
869 453 926 486 cui
942 453 999 487 vel
1016 453 1054 486 id
1069 463 1273 498 repugnare
1296 452 1450 496 videtur,
1473 452 1570 497 quod

141 498 208 532 594
224 498 335 531 semel
348 509 370 531 a
381 497 554 531 Terentio
567 500 685 530 actam
698 508 775 532 esse
789 509 843 531 ar·
869 498 994 532 eodem
1008 509 1113 541 anno,
1128 508 1198 542 quo
1210 497 1248 531 in
1262 497 1453 532 Graeciam
1467 498 1569 537 abiit,
1603 518 1605 520 -

144 543 372 584 bitrarentur,
390 542 547 576 nondum
561 541 770 576 confirmata
786 543 842 585 sit,
869 542 961 576 ludis
1004 542 1216 576 funebribus
1259 542 1394 576 Aemili
1436 542 1569 586 Paulli,

141 588 178 621 in
189 587 322 622 tradita
331 587 551 621 didascaliae
561 587 732 622 memoria
742 588 843 622 nobis
869 598 956 631 quos
980 587 1102 632 Scipio
1125 599 1197 621 una
1221 599 1300 621 cum
1322 587 1434 622 fratre
1457 588 1568 631 dedit,

141 632 443 677 acquiescendum
461 642 538 666 esse
556 632 696 666 duc012.
724 634 844 678 plures
869 635 957 666 duas
990 632 1139 666 Terenti
1177 632 1320 666 fabulas
1360 637 1460 667 actas
1491 644 1568 667 esse

140 683 260 711 autem
283 688 391 722 quam
415 688 477 710 sex
504 677 586 710 illas
609 677 759 712 Terenti
787 689 842 712 co-
869 678 1008 711 scimus.
1058 678 1130 710 iam
1153 677 1355 721 insequenti
1379 689 1471 712 anno
1490 679 1570 719 (595

141 723 300 756 moedias
329 733 445 767 neque
474 722 669 767 antiquitas
696 729 844 757 noverat
868 734 900 756 u.
922 724 1004 766 c.)¹5
1020 722 1170 756 Romam
1185 723 1328 756 rediens
1340 726 1498 757 mortuus
1515 727 1570 757 est

743 155 966 183 PRAEFATIO

140 779 256 812 neque
280 768 370 812 ipse,
399 767 572 811 quamdiu
594 767 730 802 Romae
755 773 842 810 erat,

139 814 176 846 in
200 824 367 847 scaenam
385 812 495 847 dedit.
531 817 699 857 quattuor
723 825 842 848 earum

141 869 162 891 a
176 858 373 892 Menandro
387 858 580 892 translatas
595 869 672 892 esse
687 863 841 902 constat3

138 903 298 947 reliquas
326 903 428 946 duas,
458 903 639 948 Hecyram
670 908 706 938 et
730 904 841 937 Phor-

138 949 311 991 mionem,
349 948 396 982 ab
423 948 645 993 Apollodoro
678 948 842 994 Carystio

140 994 323 1028 convertit.
369 1004 492 1027 omnes
515 993 663 1038 Hecyra
691 999 842 1038 excepta

138 1039 271 1084 populo
288 1039 346 1073 vel
363 1038 477 1083 prima
496 1039 637 1073 actione
656 1040 744 1073 satis
767 1040 840 1084 pla-

140 1089 306 1126 cuerunt3
333 1084 418 1128 quin
440 1084 547 1117 etiam
571 1084 766 1119 Eunuchus
790 1085 840 1117 fa-

138 1129 225 1163 bula
253 1133 353 1163 tanto
382 1140 549 1163 successu
582 1131 668 1163 data
701 1134 771 1173 est,
804 1134 842 1163 ut

140 1175 276 1208 aediles
309 1174 444 1208 eisdem
477 1175 570 1208 ludis
604 1186 682 1209 eam
713 1175 841 1209 iterum

139 1220 267 1254 darent
295 1224 332 1253 et
358 1224 489 1264 poetae
519 1223 598 1254 octo
620 1221 720 1254 milia
742 1232 840 1253 num-

136 1277 233 1299 mum
244 1266 381 1307 darent,
391 1269 563 1310 quantum
577 1266 731 1310 pretium
744 1266 843 1299 nulla

137 1314 245 1344 antea
268 1311 478 1355 cuiusquam
496 1311 682 1344 comoedia
704 1322 840 1345 merue-

137 1360 193 1389 rat
210 1356 297 1399 (Vit.
317 1356 428 1398 Ten).
467 1356 615 1401 Hecyra
631 1367 727 1399 vero,
745 1360 841 1401 post-

138 1412 245 1446 quam
274 1400 330 1435 bis
359 1400 493 1434 frustra
520 1401 557 1434 in
586 1412 753 1435 scaenam
782 1402 840 1434 de-

136 1447 212 1480 lata
229 1450 293 1490 est,
316 1446 424 1480 tertio
446 1447 593 1480 tandem
610 1447 745 1491 populo
762 1457 839 1491 pro-

137 1492 254 1526 batur.

182 1538 288 1571 Anno
312 1537 394 1580 594,
423 1537 531 1582 paulo
555 1541 637 1581 post
659 1541 841 1582 peractam

136 1583 338 1627 Hecyram,
370 1586 410 1615 ut
438 1582 607 1616 arbitrari
635 1582 771 1625 licet13,
804 1583 841 1616 in

137 1627 329 1662 Graeciam
353 1628 537 1672 profectus
566 1632 630 1671 est,
659 1632 700 1661 ut
726 1639 841 1662 mores

135 1673 374 1717 institutaque
393 1672 626 1716 Graecorum,
650 1673 688 1706 in
712 1674 841 1717 quibus

137 1718 379 1764 exprimendis
408 1721 484 1752 tota
507 1719 611 1763 quasi
640 1720 841 1753 continetur

136 1775 228 1798 nova
245 1763 442 1807 comoedia,
464 1764 591 1797 melius
608 1768 840 1809 cognosceret

135 1809 422 1855 perciperetque.
458 1820 479 1842 a
495 1809 625 1843 Porcio
638 1809 725 1847 (Vit.
742 1809 840 1849 Ter.)

133 1855 171 1889 in
208 1859 341 1888 terram
378 1854 542 1888 ultimam
582 1853 759 1888 Graeciae
802 1865 838 1887 se

135 1900 328 1934 contulisse
353 1899 524 1942 refertum
549 1903 585 1933 et
607 1911 686 1933 cum
710 1900 742 1934 V
746 1900 838 1933 olea-

136 1947 210 1980 cius
224 1951 294 1990 (ap.
315 1944 428 1987 Suet.)
447 1955 527 1978 eum
541 1945 656 1978 Roma
671 1945 708 1978 in
722 1948 837 1979 Asiam

134 1991 203 2025 iter
226 1990 355 2024 fecisse
379 1990 487 2033 dicat,
511 2001 582 2023 non
605 1994 659 2023 est
675 1990 749 2024 veri
769 1991 837 2023 dis-

135 2036 249 2070 simile
273 2035 387 2080 primo
411 2046 493 2069 eum
516 2035 674 2080 aliquam
692 2046 838 2080 graeca—

134 2093 214 2115 rum
235 2081 378 2114 urbium
394 2080 505 2114 Asiae
525 2081 671 2114 minoris
688 2080 837 2121 adiisse3

134 2127 204 2160 hae
223 2126 317 2160 enim
334 2129 417 2171 apte
432 2130 468 2160 et
486 2125 539 2159 ‘in
555 2125 731 2160 Graeciae
744 2130 839 2160 terra

134 2172 276 2206 ultima'
301 2175 336 2205 et
359 2172 413 2205 ‘in
430 2171 536 2204 Asia’
562 2170 651 2205 sitae
674 2182 751 2205 esse
774 2183 836 2216 pu-

169 2278 200 2302 12
232 2276 355 2301 Omnem
392 2276 618 2301 didascaliarum
649 2275 839 2300 Terentiana-

135 2318 199 2336 rum
213 2311 366 2337 rationem.
388 2317 422 2335 ex
443 2311 547 2341 quibus
567 2309 694 2334 maxime
709 2310 838 2340 cognitio

135 2347 237 2369 nostra
254 2344 362 2375 pendet
380 2346 560 2374 temporum,
582 2344 686 2374 quibus
707 2343 838 2373 singulae

135 2378 253 2404 fabulae
277 2381 360 2403 actae
379 2379 408 2401 et
426 2379 609 2409 conscriptae
635 2378 705 2407 sint,
734 2378 764 2401 in
784 2378 838 2401 Rh.

135 2414 209 2438 Mus.
241 2413 293 2437 XX
329 2413 463 2437 570—593
499 2414 527 2436 et
559 2412 626 2436 XXI
662 2412 761 2436 Gal—92
792 2418 838 2435 ex-

135 2447 230 2479 posui.

170 2482 201 2506 13
231 2479 306 2505 Sunt
329 2480 380 2511 qui
405 2486 470 2504 cum
495 2480 531 2504 H.
557 2478 731 2503 Schindlero
755 2477 786 2509 (1.
813 2487 836 2503 c.

135 2522 163 2547 p.
177 2516 207 2539 51
222 2513 277 2546 sq.)
297 2515 399 2545 putent
417 2514 531 2544 poetam
551 2512 636 2537 initio
656 2519 682 2536 a.
702 2513 752 2537 594
770 2516 837 2537 ante

135 2549 294 2574 secundani
320 2549 453 2579 Hecyrae
478 2547 625 2571 actionem
645 2547 769 2571 Romam
796 2554 836 2570 re-

136 2584 270 2614 liquisse:
296 2584 450 2612 utrumque
470 2581 622 2612 prologum
641 2581 703 2605 eius
723 2587 836 2605 comoe-

137 2618 203 2641 diae
222 2623 281 2640 non
301 2623 318 2640 a
335 2616 490 2645 Terentio,
517 2615 593 2646 quod
619 2614 656 2638 de
675 2615 836 2645 posteriore

135 2651 255 2682 prologo
276 2651 333 2675 iam
352 2650 483 2680 Guyetus
502 2649 664 2679 suspicatus
683 2651 759 2678 erat,
786 2648 836 2672 sed

135 2685 172 2712 ab
186 2685 333 2716 Ambivio,
353 2683 472 2708 domino
485 2683 590 2714 gregis,
609 2682 749 2714 scriptum
764 2689 836 2715 esse,

869 768 923 801 vel
940 767 1131 812 naufragio
1148 778 1260 812 prope
1278 767 1499 802 Leucadiam
1516 768 1568 802 in-

868 813 982 846 sulam
1004 812 1101 846 facto
1123 813 1177 846 vel
1209 813 1244 846 in
1268 813 1427 846 Arcadia
1450 812 1568 858 Stym-

869 858 967 902 phali
985 857 1134 902 oppido3
1153 857 1203 891 ibi
1217 857 1310 892 enim
1324 859 1447 892 nuntio
1460 859 1569 892 allato

869 902 1044 944 sarcinas,
1078 913 1168 945 quas
1198 904 1281 936 navi
1313 903 1569 948 praemisisset,

868 949 902 981 in
942 948 1032 980 mari
1068 947 1265 991 interiisse,
1309 950 1411 993 gravi
1445 949 1569 984 morbo

868 993 1020 1026 aii'ectus
1055 1003 1073 1026 e
1102 994 1176 1026 vita
1201 994 1398 1028 decessisse
1424 993 1566 1028 dicitur.

868 1038 1013 1071 fabulae
1037 1048 1122 1072 sane
1147 1049 1236 1082 quas
1263 1049 1373 1072 novas
1396 1049 1414 1073 e
1437 1050 1570 1091 graeca

868 1083 991 1128 lingua
1015 1088 1256 1122 converterat,
1285 1084 1474 1130 naufragio
1497 1095 1570 1119 una

869 1129 1051 1172 perierunt
1062 1129 1100 1161 Ἀθ.
1142 1150 1184 1154 -—
1224 1129 1359 1163 Romae
1406 1130 1570 1175 ‘reliquit

867 1173 991 1216 tiliam,
1030 1184 1121 1218 quae
1158 1178 1240 1218 post
1278 1175 1389 1218 equiti
1423 1186 1569 1209 romano

867 1218 1005 1263 nupsit3
1030 1218 1115 1252 item
1138 1219 1296 1253 hortulos
1319 1220 1446 1266 viginti
1468 1221 1568 1266 iuge-

868 1276 944 1297 rum
975 1264 1034 1297 via
1064 1264 1188 1309 Appia
1226 1265 1272 1298 ad
1303 1265 1447 1299 Martis’
1479 1266 1566 1306 (Vit.

868 1309 976 1349 Ten).
1015 1309 1110 1343 unde
1138 1321 1287 1354 parvam
1315 1310 1475 1355 quidem,
1505 1312 1568 1345 sed

868 1365 936 1388 non
949 1354 1084 1388 nullam
1098 1353 1209 1389 fuisse
1223 1355 1255 1389 ei
1269 1366 1344 1389 rem
1353 1356 1568 1391 familiarem

868 1400 1121 1444 pernoscimus.

912 1445 1061 1479 Terenti
1089 1445 1233 1479 fabulas
1263 1450 1370 1491 poeta
1396 1447 1477 1481 vivo
1497 1457 1570 1481 non

867 1490 983 1524 minus
1006 1490 1130 1524 amicis
1153 1491 1228 1524 eius
1256 1491 1437 1525 nobilibus
1460 1495 1568 1537 atque

867 1539 941 1569 toto
978 1536 1111 1580 populo
1149 1537 1319 1581 probatas
1358 1542 1393 1570 et
1435 1548 1570 1582 magna

867 1581 972 1614 laude
987 1581 1111 1621 elatas,
1130 1592 1237 1625 quam
1252 1593 1272 1615 a
1286 1583 1410 1626 paucis
1423 1582 1568 1627 quibus—

867 1626 949 1660 dam
966 1627 1194 1669 adversariis,
1212 1638 1301 1671 quos
1319 1638 1338 1660 e
1355 1639 1502 1662 numero
1514 1629 1567 1662 in-

866 1671 1028 1705 vidorum
1063 1675 1249 1716 poetarum
1277 1673 1334 1706 vel
1363 1683 1483 1707 eorum
1511 1685 1565 1707 as-

866 1717 980 1750 seclas
1009 1716 1119 1750 fuisse
1150 1718 1253 1751 nobis
1303 1719 1475 1752 utandum
1501 1722 1566 1763 est,

865 1762 1017 1795 maxime
1057 1766 1176 1796 autem
1215 1774 1237 1797 a
1309 1764 1408 1797 uscio
1446 1764 1566 1798 Lanu-

865 1808 964 1850 vino,
997 1807 1059 1850 qui
1090 1807 1168 1852 ipse
1200 1812 1308 1852 poeta
1334 1809 1565 1853 palliatarum

865 1856 958 1894 erat,
987 1852 1148 1898 graviter
1175 1853 1397 1898 vituperatas
1427 1858 1461 1888 et
1485 1866 1566 1889 con—

864 1897 973 1931 tinuis
991 1898 1311 1932 obtrectationibus
1329 1903 1475 1933 vexatas
1489 1911 1567 1934 esse

864 1944 934 1976 iam
950 1954 1057 1987 supra
1072 1943 1228 1977 breviter
1240 1944 1485 1978 iudicavimus.
1510 1946 1567 1980 vel

865 1989 1124 2022 contaminatas
1139 2000 1199 2022 eas
1214 2000 1303 2032 esse,
1321 1990 1343 2022 i.
1360 2001 1389 2024 e.
1406 1991 1567 2036 singulas

864 2033 993 2067 latinas
1011 2045 1052 2067 ex
1071 2034 1312 2078 compluribus
1327 2036 1467 2080 graecis
1486 2047 1566 2070 con-

864 2082 961 2112 sutas
978 2079 1232 2123 miscendoque
1251 2085 1436 2124 corruptas
1444 2081 1484 2125 17,
1509 2082 1566 2115 vel

864 2135 934 2157 non
962 2124 1033 2157 iam
1067 2135 1193 2168 novas,
1227 2126 1289 2159 sed
1318 2125 1462 2160 aliunde
1492 2138 1565 2161 sur—

865 2207 1019 2237 Auielphon
1033 2208 1130 2231 autem
1150 2205 1303 2237 prologum
1317 2207 1353 2231 ad
1372 2208 1499 2238 priorem
1515 2207 1566 2232 ali-

865 2248 950 2272 quam
965 2241 1112 2264 actionem
1127 2241 1283 2270 pertinere.

899 2276 927 2299 14
948 2275 1092 2299 Graeciae
1111 2275 1277 2298 summatim
1296 2282 1416 2305 graecas
1435 2275 1566 2301 colonias

864 2308 951 2332 Asiae
971 2308 1093 2332 minoris
1113 2308 1234 2332 attribui
1253 2315 1288 2332 ex
1308 2310 1379 2340 Nep.
1401 2309 1473 2333 Milt.
1493 2310 1533 2334 111
1551 2312 1567 2335 3

864 2345 992 2373 apparet.
1014 2342 1088 2366 hanc
1102 2342 1375 2372 interpretationem
1390 2343 1415 2367 si
1429 2344 1565 2376 accipias,

864 2384 922 2400 non
949 2383 1018 2406 opus
1048 2376 1086 2399 sit
1114 2382 1178 2400 cum
1203 2376 1283 2400 Frid.
1309 2377 1408 2401 Leone
1435 2377 1565 2407 (Quaest.

864 2410 1010 2440 Aristopb.
1046 2410 1119 2433 thes.
1150 2409 1187 2439 X)
1225 2410 1300 2441 apud
1330 2411 1500 2436 Volcacium
1536 2413 1566 2436 in

864 2444 992 2468 ,lrlmsam
1006 2451 1058 2474 pro
1073 2444 1100 2467 in
1116 2443 1208 2467 Asiam
1223 2445 1362 2470 scribere.

896 2479 927 2502 15
940 2479 1056 2505 Eri-ore,
1068 2480 1098 2501 ut
1106 2478 1230 2507 videtur,
1240 2479 1437 2511 Hieronymus
1445 2479 1565 2510 (Euseb.

862 2512 1054 2536 chrou.11127
1063 2511 1107 2535 ed.
1118 2512 1263 2543 Sclioene)
1271 2516 1394 2537 mortem
1410 2513 1447 2537 ad
1456 2513 1563 2545 olymp.

863 2546 937 2571 CLV
951 2547 966 2569 3
981 2546 1041 2569 (52³0
1055 2553 1082 2569 u.
1098 2546 1134 2572 c.)
1150 2546 1246 2570 refert.

895 2581 926 2604 1ss
945 2581 989 2604 De
1015 2586 1137 2604 numero
1164 2587 1263 2604 earum
1288 2588 1316 2604 v.
1342 2580 1419 2604 infra
1437 2580 1504 2604 adn.
1526 2581 1563 2605 ad

863 2614 919 2639 vit.
934 2614 1001 2637 Ter.

896 2649 925 2672 17
945 2648 990 2672 De
1011 2648 1232 2672 contaminandi
1251 2648 1333 2672 verbi
1353 2648 1474 2672 notione
1488 2648 1565 2673 inter

862 2682 919 2706 alia
933 2682 1033 2707 videas
1041 2689 1114 2712 quae
1126 2682 1171 2706 ed.
1181 2682 1349 2707 'l'cubn.117
1358 2689 1400 2714 sq.
1413 2682 1562 2708 adnotavi.
