1700 2984
135 168 183 213 11,
203 169 224 204 3

202 250 280 291 ΡΗ.

153 324 186 350 15

150 636 183 661 20

203 746 280 790 Gn.

148 1196 181 1221 25
201 1183 280 1225 GE.

198 1246 276 1287 ΡΗ.

199 1369 279 1412 GE.

196 1433 274 1474 PH.

145 1633 178 1657 30

144 2006 178 2032 35
196 1995 274 2037 ΡΗ.

193 2119 276 2160 DE.

195 2182 273 2223 ΡΗ.

193 2369 271 2410 ΡΗ.

142 2506 175 2531 40

193 2618 261 2658 ΒΕ

722 169 951 206 PHORMIO
1401 161 1480 203 165

312 249 422 291 Nam
449 250 531 291 iam
563 250 818 292 adulescenti
843 250 943 292 nihil
975 258 1036 293 est
1060 251 1172 305 quod
1202 253 1479 302 suscenseam,

317 312 363 354 Si
387 313 503 353 illum
527 313 662 353 minus
687 321 803 354 norat
812 330 822 362 3
849 315 1003 369 quippe
1023 313 1144 354 homo
1165 314 1246 354 iam
1271 315 1479 369 grandior,

313 374 496 429 Pauper,
521 375 619 428 quoi
644 375 685 415 in
711 390 833 430 opere
859 378 944 417 uita
969 383 1068 425 erat,
1094 378 1178 416 ruri
1203 377 1288 418 fere

314 435 370 478 Se
396 437 650 486 continebat3
675 437 733 477 ibi
758 453 905 493 agrum
930 439 980 479 de
1004 440 1143 479 nostre
1167 447 1282 493 patre

316 498 551 540 Colendum
576 499 769 540 habebat.
819 502 943 555 saepe
968 501 1124 542 interea
1148 501 1248 541 mihi
1274 516 1400 542 senex
1503 504 1570 538 365

313 561 521 602 Narrebat
545 576 588 602 se
614 561 724 603 hunc
747 563 964 617 neclegere
990 564 1211 617 cognatum
1237 579 1372 605 suom:

313 625 371 664 At
397 625 522 677 quem
546 624 701 665 uirum!
733 638 857 678 quem
883 640 960 680 ego
986 625 1162 666 uiderim
1186 626 1228 667 in
1252 626 1339 667 uita
1363 627 1480 681 eptu-

761 702 888 727 mum.

313 748 469 791 Videas
506 755 565 798 te,
610 755 733 802 atque
769 749 886 790 illum
925 748 1005 804 [ut]
1046 750 1206 791 nzirras!
1265 751 1342 793 ΡΗ.
1381 751 1403 792 Ι
1438 751 1480 792 in

759 812 910 852 mal-Am
936 812 1119 854 crucem!

313 872 422 913 Nam
453 873 494 913 ni
525 874 620 914 eum
651 888 740 915 esse
771 874 1101 924 existumessem,
1138 890 1365 928 numquam
1396 878 1480 916 tem

763 937 903 991 grauis

312 995 384 1038 Ob
420 997 526 1039 hanc
561 998 797 1039 inimicitias
835 1000 1026 1053 cziperem
1062 999 1103 1039 in
1141 1007 1324 1040 uostram
1362 998 1481 1040 fzimi-
1505 1007 1572 1043 370

760 1061 871 1109 liam,

312 1121 452 1174 Quam
477 1122 510 1163 is
536 1124 780 1177 aspernatur
804 1123 915 1164 nunc
940 1130 1025 1163 tam
1050 1122 1331 1164 inliberziliter.

312 1184 469 1239 Pergin
495 1200 563 1226 ero
588 1185 750 1226 absenti
775 1186 883 1226 mzile
908 1185 1035 1238 loqui,
1061 1185 1363 1240 inpurissume?

307 1246 499 1302 Dignum
519 1248 657 1289 autem
677 1247 757 1288 hoc
776 1247 899 1288 illost.
939 1246 1017 1288 GE.
1041 1248 1125 1288 Ain
1145 1255 1289 1295 tamen,
1317 1248 1481 1288 carcer?

758 1309 839 1350 DE.
867 1307 992 1351 Geta.

311 1371 526 1412 Bonerum
553 1378 747 1420 extortor,
772 1372 913 1427 legum
940 1371 1167 1413 contorterl
1216 1370 1298 1412 DE.
1327 1370 1445 1413 Geta.

306 1434 544 1488 Responde.
597 1433 676 1476 GE.
705 1433 812 1486 Quis
838 1434 1027 1475 homost?
1063 1433 1196 1475 ehem.
1246 1433 1327 1475 DE.
1354 1434 1479 1476 Tace.
1503 1442 1572 1477 375

762 1495 841 1538 GE.
868 1497 1048 1538 Absenti
1072 1496 1147 1537 tibi

311 1558 373 1600 Te
398 1559 589 1614 indignas
616 1573 742 1612 seque
768 1559 917 1614 dignas
943 1559 1213 1600 contumelias

308 1620 549 1674 Numquaim
575 1621 753 1662 cessauit
780 1622 915 1663 dicere
940 1621 1076 1662 hodie.
1139 1621 1218 1661 DE.
1246 1620 1416 1663 Desine.

307 1683 585 1732 Adulescens,
616 1684 796 1738 primum
823 1684 897 1724 abs
922 1691 961 1724 te
987 1684 1062 1724 hec
1087 1684 1197 1723 bona
1222 1684 1345 1724 ueniet
1369 1693 1478 1738 peto,

311 1745 357 1787 Si
382 1745 458 1786 tibi
482 1746 646 1800 placere
671 1746 780 1800 petis
807 1754 879 1795 est,
906 1746 962 1786 mi
986 1754 1031 1786 ut
1056 1746 1326 1800 respendeas:

310 1806 448 1860 Quem
487 1810 665 1849 amicum
702 1816 818 1849 tuom
855 1814 914 1849 a'is
951 1808 1078 1849 fuisse
1115 1808 1254 1857 istum,
1304 1809 1481 1863 explana
1504 1815 1571 1851 380

757 1870 872 1919 mihi,

308 1932 365 1974 Et
390 1934 460 1986 qui
486 1940 709 1987 cognatum
734 1934 800 1973 me
827 1933 905 1973 sibi
932 1948 1019 1974 esse
1047 1933 1212 1974 diceret.

306 1995 490 2036 Proinde
510 1995 723 2050 expiscare
743 1995 862 2048 queisi
881 2010 962 2035 non
983 2009 1139 2036 nosseS.
1175 1994 1256 2035 DE.
1277 1995 1480 2036 Nessem‘?

755 2057 833 2097 ΡΗ.
859 2057 937 2098 Ita.

308 2119 402 2174 Ego
428 2120 493 2159 me
518 2134 645 2174 nego:
672 2126 716 2159 tu
742 2120 812 2172 qui
838 2125 897 2160 a‘1's
922 2119 1064 2173 redige
1090 2119 1131 2159 in
1157 2119 1410 2178 memoriam.

305 2181 399 2222 Eho
425 2182 482 2230 tu,
514 2181 726 2222 sobrinum
758 2182 872 2222 tuem
896 2196 978 2221 non
1010 2181 1156 2221 noras?
1203 2180 1285 2221 Dm.
1311 2181 1477 2222 Enicas.

308 2244 392 2285 Dic
427 2245 589 2285 nemen.
649 2243 727 2285 ΡΗ.
759 2243 946 2285 Nomen?
982 2245 1188 2284 maxume.
1249 2243 1331 2284 DE.
1363 2243 1479 2296 Quid
1503 2247 1570 2282 385

754 2306 864 2347 nunc
889 2306 1025 2346 taces?

302 2368 415 2410 Perii
450 2368 602 2417 hercle,
639 2382 791 2409 nomen
827 2368 1001 2422 perdidi.
1061 2367 1141 2408 Da.
1186 2366 1332 2422 [Hem]
1369 2368 1479 2418 Quid

753 2429 837 2471 a‘i's?
883 2431 960 2471 ΡΗ.
989 2429 1113 2478 Geta,

307 2493 354 2534 Si
379 2492 601 2533 meministi
620 2493 663 2533 id
682 2492 794 2546 quod
814 2493 910 2533 elim
937 2492 1144 2541 dictumst,
1174 2492 1326 2533 subice.
1367 2493 1475 2541 hem,

306 2555 401 2596 Non
428 2555 538 2596 dico:
570 2555 689 2609 quasi
713 2569 795 2596 non
821 2556 978 2603 ndsses,
1010 2563 1257 2608 temptatum
1287 2555 1475 2595 aduenis.

309 2617 402 2673 Ego
446 2618 584 2658 autem
627 2618 808 2672 tempto?
877 2616 954 2658 GE.
1000 2615 1146 2671 Stilpo.
1212 2617 1287 2657 Pu.
1336 2619 1476 2670 Atque

757 2679 860 2721 adeo
885 2679 987 2733 quid
1012 2679 1128 2720 mea?
