1700 2984
111 169 178 214 Ll

676 164 778 201 EVN
785 162 946 200 VCHVS
1371 153 1449 194 103

634 665 902 718 ACTVS
944 665 985 716 I.

491 777 786 818 PHAEDRIA
865 777 1132 817 PARMENO

508 854 765 881 ADVLESCENS
920 853 1066 880 smzvos

107 941 157 973 ¹,1
176 929 253 970 ΡΗ.
288 928 402 980 Quid
432 929 558 984 igitur
589 929 770 970 faciam?
805 930 888 969 11ό11
921 943 1011 969 eam
1042 943 1093 969 nc
1132 928 1242 968 nunc
1271 927 1452 981 quidem,

124 1628 156 1652 10

125 2064 156 2089 15

125 2376 158 2401 20

288 992 427 1043 Quom
465 994 653 1033 accersor
695 991 829 1032 ultro?
871 1007 923 1032 an
966 990 1103 1046 potius
1140 990 1198 1031 ita
1232 1005 1298 1032 me
1342 991 1454 1031 com-

733 1068 890 1109 parem,

284 1116 380 1157 Non
406 1117 567 1172 perpeti
594 1118 855 1158 meretricum
881 1115 1175 1157 contumelias?

286 1179 494 1227 Exclusit3
520 1187 708 1220 reuocat:
735 1178 926 1219 redeam?
951 1192 1046 1226 non,
1074 1177 1106 1217 si
1132 1191 1198 1218 me
1224 1177 1424 1218 obsecret.

243 1272 250 1281 .
285 1241 502 1295 Siquidem
528 1241 664 1282 hercle
690 1241 834 1295 possis,
860 1240 917 1281 nil
943 1240 1056 1295 prius
1082 1254 1218 1293 neque
1243 1239 1403 1280 fortius.
1478 1249 1522 1284 50

285 1303 444 1345 Verum
471 1303 505 1344 si
530 1303 700 1358 incipies
725 1304 861 1356 neque
887 1302 1106 1358 pertendes
1133 1302 1325 1357 gneiuiter

286 1367 447 1420 Atque,
490 1366 563 1407 ubi
599 1366 684 1421 pati
720 1380 801 1406 non
844 1365 1018 1420 poteriS‚
1062 1379 1187 1418 quom
1227 1379 1348 1406 nemo
1383 1366 1455 1406 ex-

734 1437 860 1483 petet,

285 1491 446 1531 Infecta
471 1505 572 1545 pace
597 1491 705 1532 ultro
730 1490 784 1530 aid
809 1505 900 1531 eam
925 1490 1069 1531 uenies
1094 1489 1281 1531 indicans

286 1553 349 1594 Te
374 1555 512 1594 amare
538 1561 577 1594 et
603 1553 709 1594 ferre
734 1554 817 1594 non
842 1567 984 1607 posse:
1012 1560 1202 1601 actumst,
1228 1553 1351 1600 ilicet,

285 1615 458 1657 Peristi:
486 1615 638 1664 eludet,
664 1615 736 1656 ubi
761 1624 801 1656 te
826 1615 985 1656 uictum
1011 1615 1196 1656 senserit.
1478 1624 1522 1659 55

286 1677 415 1718 Proin
452 1679 516 1727 tu,
554 1678 653 1719 dum
691 1686 752 1718 est
788 1686 973 1732 tempus,
1010 1678 1133 1719 etiam
1171 1685 1295 1731 atque
1330 1677 1452 1719 etiam

733 1740 882 1796 cogita,

286 1801 388 1844 Ere:
439 1803 544 1856 quael
586 1817 651 1844 res
693 1803 735 1843 in
781 1817 824 1844 se
872 1804 1006 1856 neque
1054 1802 1270 1843 consilium
1317 1803 1454 1856 neque

736 1865 905 1906 modum

286 1927 428 1968 Habet
451 1927 594 1977 ullum,
620 1943 711 1969 eam
737 1927 905 1969 consilio
930 1943 1073 1982 regere
1098 1929 1182 1968 non
1208 1935 1339 1983 potes.

287 1990 337 2030 In
363 1991 502 2031 amore
527 1990 629 2031 haec
654 1990 792 2031 omnia
815 1994 956 2030 insunt
981 1990 1100 2031 uitia:
1126 1990 1313 2038 iniuriae,

288 2052 570 2107 Suspiciones,
595 2052 848 2101 inimicitiae,
873 2053 1071 2101 indutiae,
1478 2063 1522 2097 60

286 2115 464 2163 Bellum,
490 2130 573 2170 pax
598 2130 780 2156 rursum:
806 2116 962 2156 incerta
986 2115 1089 2156 haec
1113 2115 1146 2156 si
1172 2122 1215 2156 tu
1240 2115 1425 2170 postules

288 2177 464 2218 Ratione
490 2186 603 2218 certa
626 2177 777 2227 facere,
802 2178 930 2218 nihilo
955 2178 1047 2232 plus
1074 2193 1189 2233 agas,

289 2239 428 2290 Quam
454 2242 487 2280 si
512 2241 583 2281 des
608 2254 777 2295 operam
803 2248 846 2281 ut
873 2241 966 2281 cum
992 2240 1149 2281 ratione
1174 2240 1367 2281 insanias.

287 2302 341 2342 Et
367 2302 479 2355 quod
503 2317 614 2343 nunc
639 2310 726 2343 tute
751 2303 888 2343 tecum
914 2303 1042 2343 iratus
1071 2303 1230 2357 cogitas

289 2363 431 2418 ‘Egon
455 2364 582 2413 illam,
615 2378 721 2418 quae
746 2365 875 2414 illum,
908 2366 1014 2418 quae
1040 2380 1119 2414 me,
1150 2379 1256 2418 quae
1277 2379 1359 2405 non
1386 2397 1395 2405 .
1423 2363 1452 2406 ,1
1478 2376 1522 2410 65

736 2429 823 2468 sine
848 2427 984 2476 modo,

288 2487 401 2528 Mori
427 2504 491 2529 me
516 2489 675 2530 malim:
703 2490 852 2530 sentiet
876 2490 946 2543 qui
970 2491 1034 2530 uir
1059 2489 1198 2530 siem':

290 2551 409 2591 Haec
434 2551 563 2592 uerba
587 2567 670 2592 una
694 2552 899 2593 mehercle
925 2552 1030 2592 falsa
1053 2552 1280 2601 hierimula,

289 2611 428 2664 Quam
455 2614 596 2654 oculos
621 2614 791 2654 terendo
818 2616 964 2655 misere
989 2614 1059 2654 uix
1085 2615 1126 2654 ui
1153 2614 1413 2669 expresserit,

289 2675 550 2729 Restinguet,
577 2684 616 2717 et
641 2685 680 2717 te
706 2677 812 2717 ultro
837 2677 1062 2725 aiccusabst,
1088 2678 1126 2717 et
1152 2677 1270 2718 dabis
