1700 2984
223 160 302 202 168
748 168 979 204 PHORMm
1343 169 1393 213 II,
1411 169 1443 202 4.
1462 167 1531 213 111,
1547 168 1567 202 1

218 250 301 292 DE.
332 251 406 294 Te.
446 251 547 294 Cim.
585 250 678 305 Ego
709 265 816 305 quae
852 251 895 290 in
919 265 1007 292 rem
1037 256 1151 291 tuam
1184 250 1265 290 sint
1295 251 1345 291 ea
1375 249 1500 290 uelim

784 312 925 353 facias.
963 311 1063 352 mihi

126 379 194 414 450
334 374 406 417 Sic
431 374 507 416 hoc
532 375 714 416 uidetur:
740 374 850 428 quod
875 383 914 416 te
939 374 1109 416 absente
1134 373 1201 415 hic
1225 374 1336 414 filius
1519 386 1552 411 ιο

332 437 447 492 Egit,
472 437 632 478 restitui
657 437 699 477 in
722 438 933 492 integrum
955 444 1173 490 aequomst
1197 437 1236 477 et
1264 436 1432 485 bonum,

330 498 387 540 Et
411 499 453 540 id
476 498 731 553 impetrabis.
769 498 866 539 dixi.
913 497 996 539 DE.
1021 498 1104 540 Dic
1127 513 1252 547 nunc,
1279 498 1430 552 Hegio.

216 562 298 602 ΗΕ.
330 560 426 616 Ego
451 561 596 602 sedulo
621 561 732 602 hunc
757 560 910 602 dixisse
935 561 1076 610 cred03
1102 562 1248 601 uerum
1273 560 1381 609 itast,

330 623 457 674 Quod
482 622 669 664 homines
696 630 756 663 tot
782 623 1028 664 sententiae:
1054 637 1150 663 suos
1176 624 1355 676 quoique
1382 636 1482 663 mos.

126 689 193 725 455
331 685 441 726 Mihi
465 685 547 725 non
572 685 737 726 uidetur
761 684 871 738 quod
896 684 947 725 sit
972 685 1127 726 factum
1152 684 1328 738 legibus,
1517 694 1549 720 15

328 747 525 789 Rescindi
567 761 708 802 posse3
751 755 790 787 et
832 748 951 801 turpe
995 747 1214 801 inceptust.
1285 745 1367 786 DE.
1404 745 1500 795 Dic,

780 808 907 851 Crito.

217 872 305 914 Clu.
328 871 423 926 Ego
449 872 629 926 amplius
655 871 969 912 deliberandum
996 871 1164 912 censeo:

331 933 416 975 Res
436 935 640 988 magnast.
673 934 755 974 ΗΕ.
770 933 883 973 Num
902 933 1002 986 quid
1021 933 1093 973 nos
1112 932 1201 973 uis?
1227 931 1307 972 Dm.
1325 931 1500 973 Fecistis

778 995 925 1050 probe:

328 1057 530 1099 Ince1tior
549 1073 640 1098 sum
661 1057 790 1097 multo
811 1071 934 1111 quam
956 1056 1126 1097 dudum.
1151 1080 1206 1084 -—
1233 1055 1350 1097 GE.
1333 1056 1500 1110 chant

124 1125 192 1161 460
329 1120 517 1162 Redisse.
576 1119 658 1160 DE.
684 1119 833 1159 Frater
857 1120 917 1159 est
944 1118 1228 1172 expectandus
1254 1118 1372 1158 mihi:
1516 1129 1551 1154 20

326 1183 369 1223 Is
406 1182 516 1236 quod
553 1181 653 1221 mihi
690 1180 849 1222 dederit
885 1181 935 1221 de
978 1180 1055 1221 hac
1091 1195 1135 1221 re
1179 1180 1416 1229 consilium,
1457 1179 1500 1220 id

780 1257 942 1295 sequar.

327 1306 624 1348 Percontatum
648 1305 718 1346 ibo
743 1305 796 1345 ad
821 1305 998 1359 portum,
1025 1303 1162 1358 quoad
1187 1319 1230 1344 se
1255 1304 1439 1358 iecipiat.

215 1367 296 1410 Gn.
328 1369 388 1409 At
420 1383 499 1423 ego
529 1355 817 1422 Rutiphonem
848 1367 1058 1427 quaeram,
1095 1375 1141 1406 ut
1171 1380 1278 1420 quae
1310 1376 1402 1407 acta
1433 1365 1499 1407 hic

778 1430 859 1470 sint
885 1429 998 1470 sciat.

327 1493 413 1536 Sed
445 1507 589 1535 eccum
625 1494 763 1548 ipsum
798 1491 921 1533 uideo
957 1491 999 1532 in
1030 1491 1216 1546 tempore
1244 1489 1325 1532 huc
1363 1504 1406 1532 se
1435 1490 1499 1530 re-

778 1554 927 1609 cipere.

606 1679 647 1720 A
661 1695 686 1720 N
698 1696 722 1720 T
735 1695 749 1719 1
760 1695 784 1719 P
797 1694 824 1718 H
838 1694 862 1720 ο
954 1677 994 1719 G
1007 1693 1030 1718 Ε
1043 1694 1068 1718 Τ
1080 1693 1105 1718 A

607 1750 859 1777 ADVLnscnxs
952 1750 1098 1776 snnvos

123 1812 191 1847 465
216 1806 295 1846 AN.
326 1794 451 1846 Enim
472 1820 585 1853 uero,
613 1804 811 1858 Antipho,
839 1803 1093 1844 multimodis
1114 1817 1207 1843 cum
1226 1803 1330 1842 istoc
1352 1801 1564 1850 anim0111‚1

777 1881 820 1908 es
845 1865 1164 1921 uitupeiandus·

326 1931 445 1972 Itane
471 1938 511 1971 te
536 1929 632 1970 hinc
656 1929 793 1970 abisse
818 1936 858 1970 et
882 1929 1013 1969 uitam
1032 1930 1146 1968 tuam
1167 1927 1383 1968 tutandam
1409 1927 1498 1968 aliis

780 1990 962 2032 dedisse!

327 2043 447 2097 Alios
461 2062 575 2095 tuam
595 2070 681 2096 rem
696 2054 907 2095 credidisti
922 2053 1054 2108 magis
1068 2067 1193 2106 quam
1212 2060 1294 2094 tete
1314 2051 1498 2092 animum

779 2116 1053 2157 aduorsuros?

328 2180 438 2221 Nam
472 2181 519 2220 sit
550 2190 596 2220 ut
627 2186 741 2221 erant
778 2179 871 2227 alia,
908 2178 968 2219 illi
998 2184 1108 2219 certe
1138 2177 1246 2230 quael
1275 2191 1388 2217 nunc
1424 2176 1499 2218 tibi

783 2241 933 2282 domist
958 2240 1206 2287 consuleres,

330 2306 394 2346 Nc
409 2304 509 2358 quid
524 2311 692 2359 propter
705 2306 820 2344 tuam
834 2303 957 2344 fidem
973 2303 1146 2357 decepta
1159 2302 1370 2356 poteretur
1384 2301 1498 2350 mali3
1535 2314 1552 2339 5

126 2375 194 2409 470
331 2368 443 2420 Quoi
468 2381 579 2408 nunc
604 2366 779 2408 miserae
810 2367 904 2421 spes
935 2378 1117 2419 opesque
1150 2364 1245 2405 sunt
1274 2364 1316 2404 in
1347 2372 1386 2405 te
1416 2378 1498 2404 uno

779 2429 921 2469 omnes
946 2428 1061 2468 sitae.

221 2493 300 2534 Gn.
333 2492 388 2533 Et
414 2492 596 2546 quidem,
630 2506 710 2540 ere,
737 2505 812 2531 nos
838 2491 920 2531 iam
946 2489 1103 2530 dudum
1129 2488 1196 2529 hic
1221 2496 1261 2529 te
1287 2489 1499 2530 absentem

775 2554 1028 2600 incusamus,
1055 2551 1126 2604 qui
1150 2550 1313 2591 abieris.

218 2618 298 2659 Ax.
331 2617 392 2657 Tc
424 2616 559 2671 ipsum
586 2615 850 2669 quaerebam.
912 2613 989 2655 Gn.
1023 2604 1187 2655 Sold'ea
1218 2628 1343 2653 causa
1373 2612 1500 2654 nihilo

780 2676 912 2732 magis
940 2676 1179 2718 defecimus.
