1700 2984
100 161 169 207 1‚2

165 614 242 656 ΤΗ.

113 875 146 901 85

112 1187 145 1212 90

111 1748 145 1774 95
163 1737 240 1778 ΡΗ.

161 2425 240 2467 ΤΗ.

94 2563 142 2587 105
161 2550 237 2590 ΤΗ.

668 159 939 197 EVNVCHVS
1366 148 1444 191 107

279 243 442 297 Nempe
490 242 627 283 omnia
675 242 778 283 haec
825 256 935 283 nunc
976 240 1106 282 uerba
1147 239 1230 281 huc
1271 238 1448 282 redeunt

727 304 925 358 denique:

279 366 374 421 Ego
399 366 610 415 excludor,
636 366 704 407 ille
729 365 938 421 recipitur.
987 379 1070 419 qua
1093 364 1253 420 gratia?

278 429 369 470 Nisi
401 429 435 470 si
464 429 581 470 illum
611 429 705 484 plus
737 443 861 482 quam
894 430 960 470 me
986 443 1100 469 amas
1125 434 1165 469 et
1189 427 1311 468 istam
1336 428 1446 468 nunc
1472 435 1537 469 160

726 490 860 539 times,

278 551 399 604 Quae
424 552 653 602 aduectast,
679 567 731 593 ne
755 552 873 593 illum
898 552 1022 594 talem
1046 551 1271 607 praeripiat
1295 551 1382 593 tibi.

276 615 370 670 Ego
395 615 438 656 id
463 615 613 656 timeo?
659 614 738 655 PH.
772 614 887 666 Quid
912 624 952 656 te
977 629 1076 669 ergo
1096 614 1211 655 aliud
1231 614 1445 656 sollicitat?

725 676 840 718 cedo.

277 740 389 780 Num
415 740 528 781 solus
552 739 621 781 ille
648 739 757 780 dona
783 739 879 780 dat?
903 738 1104 780 numcubi
1129 754 1264 780 meam

275 802 587 857 Benignitatem
613 802 777 842 sensisti
802 802 844 842 in
869 808 909 843 te
934 802 1142 843 claudier?

276 864 427 905 Nonne
451 864 523 905 ubi
548 864 604 904 mi
630 864 735 905 dixti
760 864 912 918 cupere
937 871 977 905 te
1003 879 1053 904 ex
1078 863 1304 919 Aethiopia
1469 870 1536 905 165

276 926 546 975 Ancillulam,
572 926 724 968 relictis
749 926 873 967 rebus
898 926 1088 966 omnibus

277 987 504 1040 Quaesiui?
528 1002 650 1044 porro
676 988 913 1029 eunuchum
938 988 1041 1029 dixti
1066 988 1174 1029 uelle
1199 995 1253 1037 te,

276 1050 387 1102 Quia
413 1051 525 1092 solae
550 1058 723 1091 utuntur
746 1050 810 1091 his
834 1050 1022 1105 reginae:
1048 1050 1226 1104 repperi,

275 1113 383 1154 Heri
407 1113 540 1154 minas
565 1113 713 1168 uiginti
738 1127 812 1168 pro
838 1113 1041 1153 ambobus
1067 1112 1174 1153 dedi.

275 1175 437 1217 Tamen
474 1184 735 1230 contemptus
778 1175 853 1216 abs
897 1182 939 1216 te<
974 1174 1076 1216 haec
1111 1174 1240 1215 habui
1275 1174 1317 1215 in
1359 1175 1444 1216 mei-
1469 1181 1536 1217 170

725 1252 872 1279 moria:

276 1299 347 1342 Ob
378 1301 482 1342 haec
512 1301 623 1342 facta
654 1302 727 1342 abs
759 1309 799 1342 te
831 1300 1021 1355 spernor!
1082 1300 1160 1341 ΤΗ.
1193 1297 1310 1352 Quid
1337 1299 1443 1350 istic,

725 1363 961 1404 Phaedria?

275 1424 544 1479 Quamquam
580 1426 693 1467 illam
725 1425 847 1480 cupio
884 1425 1091 1466 abducere
1129 1432 1253 1478 atque
1286 1424 1363 1466 hac
1399 1438 1444 1467 rc

726 1488 903 1528 arbitror

275 1550 324 1590 Id
350 1550 441 1591 ficri
467 1565 590 1605 posse
615 1552 824 1599 maxume,
850 1551 997 1591 uerum
1024 1557 1163 1590 tamen

273 1613 419 1654 Potius
462 1627 588 1667 quam
629 1621 669 1654 te
711 1612 925 1653 inimicum
967 1612 1162 1661 habeam,
1204 1610 1356 1653 faciam
1398 1619 1444 1654 ut

721 1675 901 1716 iusseris.

275 1737 446 1778 Vtinam
470 1738 577 1779 istuc
601 1738 779 1779 uerbum
804 1752 856 1778 ex
881 1737 1019 1778 animo
1046 1751 1093 1778 ac
1118 1751 1216 1778 uere
1242 1736 1413 1789 diceres
1468 1739 1534 1775 175

274 1799 440 1841 ‘Potius
465 1814 590 1854 quam
616 1808 655 1841 te
680 1799 894 1841 inimicum
920 1798 1134 1840 habeam’!
1166 1799 1201 1841 si
1225 1799 1331 1841 istuc
1356 1801 1443 1841 cre'-

721 1862 862 1904 derem

275 1923 447 1966 Sincere
472 1924 566 1974 dici,
592 1925 757 1979 quiduis
782 1939 946 1980 possem
972 1924 1144 1980 perpeti.

229 2019 238 2027 .
271 1987 472 2028 Labascit
496 1988 632 2028 uictus
657 1988 740 2028 uno
766 1987 896 2028 uerbo
921 1988 1046 2040 quam
1072 1985 1171 2028 cito!

232 2085 237 2091 .
270 2051 365 2105 Ego
390 2051 475 2091 non
501 2065 552 2091 ex
578 2050 716 2091 animo
742 2051 893 2091 misera
917 2049 1035 2090 dico?
1059 2051 1185 2103 quam
1210 2049 1301 2091 ioco

272 2112 379 2153 Rem
403 2113 572 2154 uoluisti
597 2128 621 2154 a
645 2128 711 2154 mc
737 2113 919 2161 tandem,
946 2112 1045 2166 quin
1071 2112 1319 2166 perfeceris?
1467 2121 1534 2156 180

273 2175 366 2230 Ego
390 2177 613 2230 impetrare
637 2177 800 2229 nequeo
826 2175 904 2215 hoc
930 2174 1003 2215 abs
1029 2182 1081 2223 te,
1109 2174 1280 2215 biduom

275 2236 434 2279 Saltem
469 2239 515 2278 ut
552 2239 755 2279 concedas
792 2237 936 2278 solum.
1001 2236 1080 2278 ΡΗ.
1127 2236 1344 2290 Siquidem
1381 2238 1443 2279 bi-

723 2300 868 2340 duom:

272 2363 431 2404 Verum
461 2377 513 2403 ne
538 2363 639 2403 fiant
662 2362 729 2403 isti
755 2362 904 2417 uiginti
930 2361 1030 2403 dics.

273 2425 470 2466 Profecto
495 2440 578 2466 non
604 2425 696 2480 plus
722 2425 893 2466 biduom
918 2432 989 2465 aut
1014 2456 1023 2465 .
1052 2456 1061 2465 .
1120 2423 1198 2465 ΡΗ.
1232 2425 1359 2466 ‘Aut’
1385 2426 1442 2467 nil

718 2502 867 2528 moror.

271 2549 367 2590 Non
391 2549 482 2590 fiet:
509 2549 585 2590 hoc
611 2549 735 2591 modo
761 2551 848 2590 sine
873 2556 913 2590 te
940 2563 1119 2590 exorem.
1167 2548 1246 2589 PH.
1275 2548 1443 2591 Scilicet
1468 2553 1533 2588 185

273 2611 575 2655 Faciundumst
601 2612 712 2666 quod
738 2611 813 2653 uis.
857 2612 934 2653 ΤΗ.
966 2611 1120 2652 Merito
1141 2618 1180 2652 te
1202 2627 1308 2662 amo,
1335 2613 1441 2658 benc

722 2674 838 2718 facis.
