1700 2984
167 145 248 189 218
708 154 913 190 HECYRA
1279 155 1347 200 111,
1365 156 1393 190 5.
1413 155 1477 199 lv,
1495 155 1516 191 1

283 236 404 288 Quae
430 237 522 278 dico
549 236 668 292 parui
693 237 894 291 pe'ndunt.
942 243 1061 291 porto
1086 235 1165 277 hoc
1188 236 1371 291 iurgium

278 298 350 340 Ad
375 299 561 349 uxorem,
587 298 737 353 quoius
762 299 865 340 haec
889 297 999 339 fiunt
1023 298 1194 340 consilio
1219 298 1371 346 omnia,

76 365 142 399 515
279 362 422 415 Atque
445 363 488 403 in
513 376 604 403 eam
629 360 709 402 hoc
734 375 855 402 omne
881 361 995 415 quod
1024 360 1127 402 mihi
1157 368 1319 416 aegrest
1352 362 1450 401 euo-
1469 370 1502 397 65

728 438 852 464 mam.

481 547 745 588 MYRR1NA
827 546 1138 588 PRIDIPPVS

537 619 686 644 vamR
918 618 1043 644 snxnx

165 673 253 713 MY.
280 672 407 721 Perii,
445 671 546 725 quid
583 672 730 725 agam?
778 671 860 724 quc')
895 685 962 711 me
991 671 1178 711 uox-tam?
1218 670 1317 723 quid
1353 669 1518 717 uir01v,1

730 747 822 774 meo
846 733 1108 787 respondebo

278 795 463 836 Misera?
499 811 596 836 nam
633 795 844 836 audiuisse
880 809 1027 837 uocem
1063 793 1181 849 pueri
1211 794 1346 835 uisust
1377 795 1451 835 uzi-

287 907 295 919 ,
727 857 898 912 gientis:

278 920 344 960 Ita
369 919 568 974 corripuit
593 919 816 974 derepente
841 918 992 960 tzicitus
1018 933 1108 960 sese
1134 918 1187 959 ad
1211 918 1354 959 filiam.

278 982 406 1034 Quod
442 982 476 1023 si
513 982 697 1024 rescierit
733 981 945 1036 peperisse
983 996 1093 1030 eam,
1130 981 1172 1022 id
1207 995 1291 1035 qua
1326 995 1452 1022 causa

728 1044 834 1085 claim
859 1059 926 1085 me
951 1043 1148 1084 habuisse

75 1111 141 1146 520
277 1106 444 1155 Dicam,
470 1121 555 1147 non
580 1106 729 1161 edepol
755 1106 852 1147 scio.
1487 1116 1503 1143 5

279 1169 366 1212 Sed
403 1169 557 1210 ostium
593 1168 846 1223 concrepuit.
903 1167 1026 1209 credo
1062 1167 1201 1223 ipsum
1243 1168 1357 1210 exire
1399 1168 1452 1209 ad

727 1245 814 1272 me:
846 1231 961 1272 nulla
986 1246 1091 1271 sum.

166 1295 244 1336 ΡΗ.
275 1282 394 1337 onr
417 1294 491 1335 ubi
515 1308 582 1335 me
607 1293 660 1334 ad
685 1293 816 1334 filiam
840 1293 899 1334 ire
925 1293 1066 1342 sensit,
1092 1308 1135 1334 se
1161 1293 1279 1334 duxit
1304 1293 1434 1334 foras:

278 1359 422 1411 Atque
453 1358 593 1398 eccam
627 1353 803 1411 [uideo]
852 1355 953 1409 quid
985 1362 1064 1405 ais,
1096 1355 1313 1410 Myrrina?
1348 1355 1452 1398 heus

727 1418 802 1459 tibi
827 1417 931 1459 dico.
971 1418 1060 1459 MY.
1080 1418 1258 1468 Mihine,
1283 1420 1340 1459 mi
1364 1419 1453 1459 uir?

167 1483 245 1524 PH.
277 1482 354 1525 Vir
379 1495 457 1537 ego
483 1489 575 1523 tuos
601 1480 703 1523 sim?
728 1481 773 1522 tt'l
797 1480 935 1521 uirum
959 1496 1026 1522 me
1052 1488 1123 1522 aut
1148 1480 1357 1523 hominem
1382 1482 1453 1524 de-

726 1544 848 1599 puta'ts
874 1543 978 1584 adeo
1005 1545 1119 1584 esse?

75 1612 142 1646 525
278 1607 389 1648 Ne'tm
424 1607 459 1648 si
495 1606 703 1649 utrumuis
739 1605 900 1654 horum,
938 1605 1099 1656 mulier,
1140 1606 1340 1660 umquam
1377 1606 1452 1648 tibi
1471 1620 1504 1644 10

730 1668 844 1710 uisus
869 1668 1016 1717 forem,

278 1732 373 1773 Non
397 1732 456 1774 sic
480 1731 661 1773 ludibrio
695 1730 777 1772 tuis
808 1730 928 1772 factis
959 1730 1126 1772 hzibitus
1157 1746 1302 1772 essem.
1362 1731 1452 1773 Mv.

731 1793 922 1845 Quibus?
968 1793 1047 1835 ΡΗ.
1074 1794 1133 1834 At
1157 1794 1340 1849 rogitas?

279 1857 450 1913 Peperit
473 1857 576 1899 filia:
603 1856 712 1906 hem,
738 1856 877 1898 taces?
908 1871 959 1897 ex
983 1856 1091 1910 quo?
1126 1856 1214 1897 My.
1244 1857 1356 1898 Istuc
1380 1872 1453 1912 pa-

730 1926 834 1961 trem
860 1921 1007 1973 rogere
1033 1927 1094 1960 est
1119 1920 1323 1973 aequom?

279 1982 410 2024 Perii!
456 1997 507 2024 ex
543 1996 626 2037 quo
669 1983 813 2023 censes
855 1981 933 2022 nisi
976 1997 1027 2023 ex
1070 1981 1140 2022 illo
1176 1983 1275 2035 quoi
1318 1981 1453 2023 datast

730 2052 906 2098 nuptum
933 2043 1131 2084 obsecro?

167 2109 246 2149 Pu.
277 2106 436 2149 Credo:
466 2121 603 2161 neque
629 2106 732 2148 adeo
757 2106 948 2147 arbitrari
973 2106 1099 2161 pzitris
1126 2113 1187 2148 est
1213 2105 1342 2148 aliter.
1380 2106 1453 2148 sed

732 2169 924 2217 demiror,

77 2237 144 2270 530
282 2232 396 2285 Quid
433 2233 485 2273 sit
521 2246 647 2286 quam
683 2232 736 2272 ob
773 2247 861 2272 rem
897 2233 1011 2271 tainto
1049 2246 1173 2286 opere
1209 2231 1343 2273 omnis
1380 2232 1504 2273 nos15

731 2295 864 2335 celare
888 2292 1072 2335 uolueris

282 2357 470 2406 Pzirtum‚
497 2358 738 2412 praesertim
758 2370 884 2410 quom
909 2364 947 2397 et
973 2364 1083 2398 recte
1103 2365 1141 2398 et
1167 2357 1353 2412 tempore
1379 2371 1453 2398 suo

302 2469 310 2481 Ι
734 2419 950 2474 pepererit.

283 2482 434 2524 Adeon
471 2481 680 2537 peruiczici
717 2496 806 2523 esse
843 2481 1000 2530 animo,
1042 2489 1087 2522 ut
1124 2482 1298 2536 puerum
1334 2496 1454 2536 prae-

300 2595 306 2603 ,
732 2545 894 2598 optare's
919 2543 1066 2598 perire,

284 2606 349 2646 Ex
364 2620 445 2659 quo
467 2605 688 2647 firmiorem
709 2605 816 2646 inter
834 2621 909 2647 nos
930 2606 1018 2647 fore
1039 2606 1260 2647 amicitiam
1282 2604 1453 2660 posthac

731 2667 868 2718 scires,
