1700 2984
107 150 175 194 111,
193 150 213 185 3

60 221 157 267 &25

120 800 153 825 30

120 1423 152 1448 35

118 2048 152 2073 40

119 2610 153 2636 45

707 144 913 180 HEGYRA
1369 132 1450 173 213

287 229 373 271 Sed
402 243 528 283 quom
559 234 674 268 orata
704 226 826 268 huius
857 224 1114 271 reminiscor,
1150 224 1312 277 ne'queo
1350 222 1450 276 quin
1476 231 1543 266 385

733 289 960 330 lacrumem
986 287 1122 328 miser.

287 353 511 407 ‘Quaeque
542 352 627 394 fors
660 351 882 392 fortunast'
919 350 1067 404 inquit,
1105 348 1243 390 ‘nobis
1274 362 1381 402 quae
1411 354 1452 389 te

735 413 858 454 hodie
883 413 1046 461 obtulit,

285 478 367 518 Per
387 492 476 518 eam
498 484 538 517 te
557 476 822 517 obsecramus
844 475 1005 523 ambae,
1028 476 1061 515 si
1080 474 1157 522 ius,
1178 473 1212 514 si
1226 473 1288 513 fas
1302 475 1376 520 est,
1392 472 1452 512 uti

285 528 482 581 Aduorsa
507 539 595 580 eius
620 540 694 593 per
724 546 764 579 te
796 545 905 579 tecta
935 537 1142 590 tzicitaque
1175 536 1288 590 apud
1319 536 1452 576 omnis

733 600 850 640 sient.

286 663 333 706 Si
368 665 567 717 umquam
607 677 706 716 erga
743 670 782 702 te
819 662 956 702 animo
994 663 1084 702 esse
1121 661 1253 701 amico
1290 659 1452 701 sensisti

732 739 837 773 eam,
864 724 921 764 mi
945 723 1179 778 Pamphile,

287 787 386 830 Sine
418 788 558 828 labore
589 786 697 828 hanc
729 786 905 841 gratiam
937 794 976 827 te
1008 794 1053 826 ut
1079 786 1155 825 sibi
1181 786 1251 826 des
1285 799 1357 839 pro
1384 784 1454 825 illa
1477 791 1545 825 390

733 849 842 889 nunc
874 856 1005 902 rogat.

286 910 484 953 Ce'terum
516 911 566 952 de
598 911 864 952 redducenda
894 911 936 950 id
967 910 1115 958 fdcias,
1152 910 1264 963 quod
1293 909 1334 949 in
1366 924 1452 950 rem

735 975 786 1013 sit
811 982 938 1014 tuam.

284 1036 497 1078 Parturire
523 1038 612 1077 θέω
638 1050 715 1077 nec
739 1035 958 1090 grauidam
985 1050 1075 1076 esse
1095 1036 1146 1075 ex
1165 1042 1204 1076 te
1225 1035 1335 1075 solus
1357 1035 1454 1075 con-

734 1098 875 1139 sciu's:

284 1161 414 1217 [Nam
440 1161 555 1202 aiunt
580 1169 717 1202 tecum
742 1168 834 1215 post
861 1160 1023 1201 duobus
1045 1159 1319 1200 concubuisse
1338 1174 1454 1200 men-

734 1223 858 1263 sibus.

283 1286 407 1335 Tum,
432 1292 652 1340 postquam
673 1285 725 1325 ad
746 1294 784 1326 te
804 1285 931 1333 uenit,
958 1286 1110 1325 mensis
1131 1285 1269 1339 agitur
1287 1284 1352 1325 hic
1372 1284 1453 1324 iam

732 1355 947 1402 septumus
958 1346 989 1402 :]

284 1410 411 1463 Quod
436 1418 475 1452 te
501 1410 604 1451 scire
630 1410 720 1464 ipsa
744 1410 898 1451 indicat
924 1425 1002 1451 res.
1052 1410 1163 1450 nunc
1188 1409 1220 1450 si
1246 1410 1353 1464 potis
1379 1418 1453 1459 est,
1479 1416 1546 1450 395

732 1472 966 1527 Pamphile,

282 1536 485 1576 Maxume
522 1535 618 1576 uolo
656 1535 792 1588 doque
830 1550 1016 1589 operam,
1061 1542 1104 1575 ut
1146 1534 1252 1576 clam
1291 1535 1455 1576 eueniat

303 1648 310 1658 ,
733 1598 875 1651 partus
902 1606 1059 1651 patrem

284 1662 426 1713 Atque
453 1659 556 1701 adeo
583 1659 729 1700 omnis.
768 1660 841 1700 se'd
867 1659 900 1699 si
925 1659 968 1699 id
992 1659 1080 1700 fieri
1100 1660 1179 1699 non
1199 1667 1333 1714 potest
1353 1659 1453 1713 quin

735 1722 926 1770 sentiant,

283 1785 434 1826 Dicam
455 1784 644 1825 abortum
667 1786 775 1825 esse:
798 1784 882 1824 scio
904 1784 1057 1825 nemini
1076 1784 1194 1825 {iliter
1215 1785 1453 1839 suspectum

732 1847 834 1895 fore,

284 1909 410 1962 Quin,
443 1909 556 1963 quod
581 1910 667 1950 ueri
694 1910 880 1955 similest,
913 1924 964 1950 ex
989 1916 1029 1950 te
1054 1911 1164 1951 re'cte
1190 1925 1285 1951 eum
1311 1911 1453 1950 natum

734 1980 893 2027 putent.

285 2034 496 2077 Continuo
523 2037 770 2090 exponetur:
796 2035 863 2076 hic
888 2035 962 2076 tibi
987 2036 1044 2076 nil
1063 2042 1124 2077 est
1143 2036 1365 2090 quicquam
1391 2035 1454 2077 in-
1477 2042 1545 2076 400

299 2150 305 2158 Ι
734 2098 953 2145 commodi,

282 2161 338 2201 Et
356 2161 415 2201 illi
435 2161 609 2202 miserae
629 2160 799 2215 indigne
818 2161 972 2201 factam
990 2161 1180 2201 iniuriam
1196 2162 1451 2203 contexeris?

284 2223 498 2264 Po'llicitus
536 2238 628 2264 sum
665 2230 704 2264 et
741 2225 907 2264 seruare
944 2224 984 2264 in
1022 2238 1070 2264 eo
1107 2225 1305 2264 certumst
1340 2225 1453 2278 quod

733 2285 817 2325 dixi
843 2285 979 2326 fidem.

283 2348 392 2389 Nz'tm
423 2347 474 2388 de
505 2347 784 2397 redducenda‚
817 2348 859 2388 id
890 2363 989 2389 uero
1015 2364 1066 2389 ne
1091 2349 1279 2402 utiquam
1304 2349 1453 2391 hones-

734 2418 821 2451 tum
848 2426 937 2452 esse
963 2411 1150 2461 ziz-bitror,

281 2472 372 2514 Nelo
391 2472 555 2522 faciam,
582 2472 658 2515 etsi
678 2473 794 2514 amor
819 2489 884 2514 me
909 2474 1093 2528 grauiter
1112 2474 1451 2528 consuetudoque

733 2537 821 2577 eius
847 2544 970 2578 tenet.

284 2598 514 2648 Laicrumo,
557 2613 664 2652 quae
701 2598 873 2654 posthzic
909 2599 1087 2640 futurast
1123 2600 1210 2640 uita
1247 2615 1372 2654 quom
1409 2600 1450 2642 in
1474 2603 1541 2638 405

732 2663 912 2703 mentem
938 2661 1053 2703 uenit
