1726 2984
118 160 186 207 1,1

187 367 246 410 SI.

133 566 166 592 30

132 878 165 904 35
185 867 244 910 SI.

131 1194 165 1220 40
185 1182 257 1224 So.

184 1307 244 1350 SI.

132 1510 166 1535 45

185 1560 257 1603 So.

185 1623 244 1666 SI.

133 1824 167 1849 50

134 2135 168 2161 55

137 2573 169 2598 (30

728 160 926 197 ANDRIA
1411 150 1461 194 11

297 243 412 285 Dum
456 241 569 284 aetas
612 249 746 284 metus
789 243 988 298 magister
1028 242 1330 297 prohibebant?
1389 242 1462 285 So.

745 304 864 346 Itast.

295 367 423 419 Quod
446 367 635 422 plerique
660 381 802 408 omnes
827 308 986 409 fabium
1012 367 1328 415 adulescentuli,
1486 351 1533 412 55¹

296 430 354 472 Vt
384 429 569 471 animum
598 430 653 471 ad
688 430 858 484 aliquod
896 430 1078 472 studium
1114 431 1356 486 adiungam,
1393 432 1464 472 aut

746 507 874 546 equos

294 556 422 597 Alere
441 556 513 596 aut
532 570 654 597 canes
674 555 726 596 ad
745 556 999 605 uenandum‚
1017 562 1088 597 aut
1107 556 1160 597 ad
1179 556 1462 612 philosophos,

294 619 459 658 Horum
483 617 552 659 file
576 618 633 659 nil
660 618 826 672 egregie
852 626 1016 672 praeter
1041 619 1178 659 cetera

296 679 515 729 Studebat‚
541 688 581 721 et
606 687 746 721 tamen
771 680 910 721 omnia
933 681 1038 722 haec
1062 681 1336 722 mediocriter.

297 741 560 784 Gaudebam.
609 742 684 785 So.
720 743 817 784 Non
842 743 1010 792 init'lria3
1035 759 1131 784 nam
1157 744 1200 784 id
1225 744 1402 785 arbitror
1488 756 1533 791 60

294 807 498 861 Adprime
523 807 565 847 in
590 807 677 847 uita
702 821 792 847 esse
817 807 931 856 utile,
957 814 1003 848 ut
1026 822 1079 848 ne
1106 807 1208 860 quid
1231 807 1367 848 nimis.

295 867 365 910 Sic
392 870 479 910 uita
503 876 609 910 erat:
634 868 757 911 facile
783 869 918 910 omnis
943 869 1127 924 perferre
1153 869 1201 910 ac
1225 869 1330 924 pati3

295 930 406 973 Cum
431 932 581 986 quibus
605 940 693 974 erat
717 946 928 986 quomque
958 934 1055 982 una,
1087 932 1146 974 eis
1177 947 1267 974 sese
1292 933 1464 985 dedere5

294 995 454 1037 Eorum
478 995 624 1036 studiis
650 995 826 1049 obsequi
854 994 1072 1050 [aduersus
1098 995 1267 1045 nemini,

295 1057 537 1111 Numquam
561 1072 822 1113 praeponens
848 1072 891 1099 se
917 1057 1037 1113 illis}
1063 1057 1120 1098 ita
1143 1066 1190 1099 ut
1213 1057 1424 1099 facillume
1488 1071 1533 1106 65

296 1119 396 1162 Sine
419 1120 577 1161 inuidia
600 1120 767 1162 laudem
793 1120 981 1161 inuenias
1007 1128 1046 1161 et
1072 1120 1226 1162 amicos
1251 1136 1384 1175 pares.

297 1182 520 1238 Sapienter
544 1183 673 1224 uitam
698 1183 894 1233 instituit3
920 1197 1101 1236 namque
1127 1183 1205 1224 hoc
1229 1185 1414 1238 tempore

296 1244 560 1299 Obsequium
586 1246 754 1295 amicos,
780 1246 933 1287 ueritas
959 1245 1099 1286 odium
1124 1246 1243 1301 parit.

294 1309 459 1350 Interea
483 1308 632 1350 mulier
657 1309 864 1362 quaedam
889 1308 1042 1350 abhinc
1066 1308 1290 1350 triennium

295 1371 363 1412 Ex
388 1360 536 1413 Andro
561 1371 851 1427 commigrauit
876 1371 957 1413 huc
982 1371 1192 1421 uiciniam,
1489 1391 1533 1426 70

296 1434 444 1489 Inopia
468 1444 509 1476 et
534 1435 807 1489 cognatorum
833 1434 1093 1490 neclegentia

297 1496 467 1546 Coacta,
492 1498 662 1553 egregia
686 1498 821 1539 forma
846 1506 972 1551 atque
997 1504 1133 1539 aetate
1158 1498 1333 1553 integra

296 1560 361 1609 Ei,
387 1562 533 1602 uereor
556 1576 608 1602 ne
633 1560 734 1614 quid
758 1548 923 1602 Andria
947 1561 1137 1616 adportet
1161 1561 1276 1602 mali!

291 1623 433 1664 Primo
459 1624 562 1665 haec
586 1623 737 1678 pudice
763 1625 907 1673 uitam,
933 1639 1058 1679 parce
1083 1639 1131 1665 ac
1157 1624 1312 1666 duriter

297 1686 478 1741 Agebat,
504 1687 599 1727 lana
624 1701 672 1727 ac
697 1687 779 1727 te'la
803 1686 961 1727 uictum
986 1687 1243 1740 quaeritans3
1489 1705 1533 1741 75

298 1748 383 1790 Sed
408 1748 629 1803 postquam
656 1764 799 1790 amans
824 1749 998 1791 accessit
1022 1750 1201 1805 pretium
1226 1750 1425 1805 pollicens

298 1812 415 1852 Vnus
442 1819 481 1852 et
506 1811 606 1853 item
631 1811 747 1861 alter,
773 1813 831 1852 ita
855 1819 902 1852 ut
925 1812 1180 1867 ingeniumst
1205 1813 1392 1854 omnium

296 1873 529 1914 Hominum
554 1874 606 1914 ab
631 1874 772 1915 labore
798 1874 983 1928 procliue
1009 1875 1062 1915 ad
1086 1875 1329 1924 lubidinem,

296 1936 474 1991 Accepit
501 1937 801 1985 condicionem,
827 1937 923 1978 dein
949 1945 1170 1990 quaestum
1195 1938 1357 1993 occipit.

297 1998 384 2051 Qui
408 2007 497 2039 tum
522 1999 635 2040 illam
661 1999 870 2048 amabant,
895 2000 1015 2049 forte,
1040 2001 1098 2041 ita
1122 2008 1167 2041 ut
1191 2001 1249 2049 fit,
1275 2001 1410 2042 filium
1490 2020 1535 2054 80

296 2061 538 2103 Perduxere
563 2061 674 2111 illuc,
701 2064 843 2103 secum
868 2069 913 2103 ut
937 2078 1020 2103 una
1046 2064 1167 2112 esset,
1194 2079 1347 2105 meum.

297 2123 479 2179 Egomet
504 2124 700 2165 continuo
726 2127 890 2166 me'cum
917 2129 1046 2167 ‘certe
1073 2126 1218 2181 captus
1244 2133 1325 2167 est:

297 2186 465 2228 Habet.’
515 2187 791 2228 obseruabam
816 2188 937 2229 mane
962 2188 1125 2229 illorum
1151 2189 1335 2230 se'ruolos

299 2249 515 2290 Venie'ntis
541 2257 611 2290 aut
637 2250 848 2291 abeuntis:
875 2251 1108 2305 rogitabam
1135 2252 1256 2293 ‘heus
1281 2267 1396 2307 puer,

298 2310 381 2352 Dic
416 2312 556 2361 sodes,
597 2312 688 2366 quis
728 2313 816 2354 heri
854 2312 1104 2368 Chrysidem
1140 2314 1326 2355 habuit?'
1369 2331 1466 2357 nam
1491 2329 1535 2364 85

749 2363 937 2417 Andriae

298 2434 366 2475 Illi
391 2435 432 2476 id
458 2443 546 2477 erat
576 2451 740 2479 nomen.
792 2437 864 2480 So.
913 2438 1069 2480 Teneo.
1119 2438 1177 2481 S1.
1224 2439 1466 2482 Phaedrum

749 2508 821 2542 aut
846 2499 1028 2542 Cliniam

299 2559 509 2601 Dicebant
535 2569 605 2602 aut
630 2563 891 2613 Nicar3etum
918 2580 1013 2605 nam
1039 2564 1081 2605 hi
1107 2572 1188 2606 tres
1214 2566 1301 2606 tum
1327 2566 1448 2607 simul

301 2624 526 2666 Amabant.
577 2625 686 2674 ‘eho‚
713 2627 812 2679 quid
844 2627 894 2667 P
885 2628 1132 2682 unplnlub?
1167 2629 1324 2683 “quid‘?
1354 2634 1465 2685 sym-

752 2689 887 2734 bolam
