1700 2984
252 153 330 194 116
759 158 1029 196 EvacHVs
1509 159 1559 204 Π,
1576 159 1598 194 3

247 242 326 284 PA.
359 242 474 295 Quid
509 242 591 283 ita?
639 240 716 284 Cn.
753 241 956 297 Rogitas?
998 241 1160 282 summa
1195 240 1330 282 forma
1365 242 1530 296 semper
1547 251 1581 277 75

811 305 1055 344 conseruam
1079 302 1193 344 domi

362 366 553 415 Videbit,
591 365 882 419 conloqudtm,
920 365 1051 407 aderit
1086 366 1170 406 una
1207 364 1250 406 in
1284 363 1377 406 unis
1419 362 1530 405 aedi-

812 427 909 477 bus3

363 489 516 531 Cibum
547 504 628 530 non
659 504 886 543 numquam
918 490 1053 544 capiet
1083 503 1178 530 cum
1213 504 1287 538 ea3
1322 487 1531 529 interdum

811 559 980 607 propter
1005 551 1191 592 ddrmiet.

249 614 326 655 ΡΑ.
360 613 473 664 Quid
504 615 537 654 si
561 627 673 654 nunc
703 620 790 654 tute
820 613 1051 654 fdrtunatus
1081 613 1184 654 fias?
1233 610 1311 653 Cn.
1344 610 1442 663 Qua
1470 626 1527 661 re,

810 675 1043 717 Parmeno?

158 744 225 778 370
361 737 596 792 Respdnde.
656 736 734 777 ΡΑ.
768 735 922 792 Capias
955 735 1039 792 [tu]
1077 737 1186 777 illius
1217 743 1390 777 uestem.
1451 733 1528 776 Cn.

813 799 1010 841 Vestem?
1039 799 1140 852 quid
1165 807 1253 839 tum
1277 798 1445 852 pestea?

249 862 327 903 ΡΑ.
358 861 443 903 Pro
475 861 544 902 illd
577 868 617 902 te
649 860 864 903 deducam.
925 859 1002 902 CH.
1033 861 1188 901 Audio.
1247 860 1322 900 ΡΑ.
1348 859 1411 900 Te
1442 873 1531 900 esse
1549 869 1582 895 80

810 924 927 964 illum
954 923 1101 965 dicam.
1163 921 1241 963 Cn.
1270 921 1486 976 Intellego.

248 987 326 1028 PA.
359 986 426 1027 Tu
451 986 530 1026 illis
556 985 694 1026 fruare
722 986 964 1035 cdmmodis,
989 986 1139 1039 quibus
1159 986 1204 1025 tu
1228 985 1342 1025 illum
1364 983 1531 1024 dicebas

812 1049 955 1089 modo:

365 1110 518 1152 Cibum
550 1112 634 1151 una
664 1111 816 1165 capias,
847 1110 972 1159 adsis,
1005 1118 1165 1165 tangas,
1196 1109 1330 1158 ludas,
1364 1116 1533 1163 propter

813 1173 1009 1221 ddrmias3

365 1234 716 1289 Quanddquidem
742 1236 905 1276 illarum
936 1237 1071 1289 neque
1103 1243 1142 1275 te
1167 1233 1387 1287 quisquam
1417 1232 1533 1273 nduit

814 1311 949 1350 neque
974 1297 1051 1338 scit
1075 1298 1146 1350 qui
1171 1296 1262 1337 sies.

159 1362 226 1398 375
363 1361 585 1402 Praeterea
610 1359 743 1400 forma
768 1368 808 1401 et
833 1361 945 1400 aetas
970 1359 1111 1414 ipsast,
1143 1358 1265 1400 facile
1289 1364 1336 1399 ut
1364 1371 1438 1412 pro
1464 1371 1535 1398 eu·

815 1421 952 1462 nuchc')
978 1421 1141 1476 probes.

253 1485 330 1528 Cn.
363 1485 519 1527 Dixisti
544 1484 736 1539 pulchrez
768 1485 996 1538 numquam
1021 1483 1108 1524 uidi
1138 1483 1286 1524 melius
1319 1483 1534 1524 consilium
1553 1494 1585 1521 85

816 1547 915 1588 dari.

365 1613 462 1665 Age
487 1613 632 1652 eamus
657 1609 764 1650 intro
788 1610 1002 1650 nunciam:
1035 1624 1136 1650 orna
1161 1624 1240 1658 me,
1267 1608 1416 1658 abduc,
1442 1609 1535 1658 duc,

815 1672 1015 1725 quantum
1041 1679 1190 1726 potest.

253 1736 330 1778 PA.
364 1735 478 1789 Quid
516 1735 628 1790 agis?
663 1734 832 1776 iocabar
862 1734 1067 1787 equidem.
1129 1731 1206 1774 CH.
1238 1732 1397 1775 Garris.
1456 1733 1535 1775 ΡΑ.

819 1797 944 1845 Perii,
971 1796 1073 1850 quid
1097 1810 1174 1851 ego
1200 1798 1266 1852 egi
1292 1796 1432 1837 miser!

368 1860 465 1914 Quo
490 1860 645 1902 trudis?
675 1859 898 1915 perculeris
928 1860 1011 1900 iam
1042 1869 1087 1899 tu
1111 1873 1190 1900 me.
1238 1859 1312 1899 tibi
1344 1858 1535 1912 equidem

818 1922 920 1970 died,
946 1936 1080 1962 mane.

166 1993 232 2027 380
257 1986 334 2029 CH.
367 1987 538 2027 Eamus.
575 1985 653 2026 PA.
674 1984 855 2040 Pergin?
893 1983 971 2026 CH.
993 1982 1217 2025 Certumst.
1254 1984 1330 2024 ΡΑ.
1352 1983 1460 2025 Vide
1485 1999 1537 2026 ne

816 2047 990 2087 nimium
1015 2046 1195 2087 calidum
1220 2045 1299 2087 hoc
1324 2047 1375 2087 sit
1399 2046 1536 2087 modo.

260 2111 338 2153 Cn.
370 2111 466 2153 Non
491 2112 551 2152 est
577 2110 781 2166 profecto:
809 2111 906 2151 sine.
943 2109 1019 2150 ΡΑ.
1039 2110 1098 2150 At
1124 2109 1234 2150 enim
1253 2109 1380 2150 istaec
1404 2111 1445 2150 in
1471 2125 1536 2151 me
1555 2122 1589 2146 90

820 2173 992 2214 cudetur
1019 2172 1128 2234 faba.
1191 2170 1268 2213 CH.
1295 2171 1379 2212 Ah.

369 2236 448 2279 PA.
479 2237 706 2292 Flagitium
730 2236 917 2278 facimus.
968 2233 1045 2276 CH.
1066 2236 1136 2275 An
1161 2234 1203 2274 id
1221 2234 1478 2289 flagitiumst,
1504 2233 1538 2275 si

816 2300 860 2338 in
885 2298 1053 2338 domum
1079 2296 1352 2338 meretriciam

370 2362 569 2404 Deducar
601 2368 641 2403 et
670 2361 750 2402 illis
787 2360 992 2409 crucibus,
1029 2373 1136 2412 quae
1164 2373 1239 2399 nos
1273 2359 1538 2412 ndstramque

822 2421 1144 2463 adulescentiam

373 2487 544 2529 Habent
571 2486 824 2541 despicatam
850 2494 887 2526 et
915 2485 1020 2538 quae
1051 2498 1126 2524 nos
1157 2497 1319 2538 semper
1349 2482 1537 2523 ‹imnibus

822 2547 1005 2589 cruciant
1029 2546 1176 2595 modis,

170 2617 236 2653 385
372 2611 496 2654 Nunc
528 2611 705 2652 referam
743 2610 918 2665 gratiam
950 2611 1073 2662 atque
1105 2623 1174 2649 eas
1206 2607 1347 2648 itidem
1383 2605 1537 2656 fallam,

821 2680 865 2715 ut
890 2672 942 2714 ab
968 2672 1046 2714 illis
1070 2670 1276 2712 fallimur?
