1700 2984
159 594 226 628 340

158 1154 225 1189 345

158 1840 227 1874 350

255 122 336 165 164

253 212 333 255 Gn.

251 337 329 379 PH.

252 898 330 940 GE.

251 1271 331 1313 GE.

1547 475 1580 501 25

777 132 1007 169 PHoRMio
1456 135 1505 179 11,
1522 136 1554 169 2.
1572 137 1593 170 3

364 213 461 255 Non
502 220 596 269 pote
638 213 737 255 satis
778 229 852 269 pro
894 214 1040 256 merito
1083 215 1136 256 ab
1171 215 1242 257 illo
1277 215 1351 256 tibi
1387 215 1528 257 referri

370 325 378 337 '
811 276 958 330 gratia.

360 337 494 379 Immo
527 338 637 380 enim
668 353 790 380 nemo
823 339 921 380 satis
954 354 1028 394 pro
1059 339 1205 381 merito
1235 339 1413 394 gratiam
1442 340 1530 393 regi

813 401 950 442 refert.

363 462 479 504 Tene
511 463 772 517 asymbolum
803 463 947 504 uenire
976 472 1147 505 unctum
1172 465 1297 518 atque
1323 464 1481 505 lautum
1507 478 1529 505 e

814 524 1002 574 balineis,

365 573 559 628 Otiosum
591 587 643 628 ab
675 586 826 636 animo,
859 601 985 641 quom
1015 587 1084 629 ille
1110 596 1150 629 et
1174 588 1273 629 eura
1298 595 1336 630 et
1362 595 1529 643 sumptu

812 649 1060 691 absumitur!

363 711 481 752 Dum
507 711 582 752 tibi
606 711 651 751 fit
676 711 788 764 quod
806 712 981 766 placeat,
1006 712 1076 753 ille
1095 712 1290 767 ringitur:
1317 719 1361 753 tu
1379 712 1529 761 rideas,

361 773 482 814 Prior
524 774 663 823 bibas,
712 774 823 829 prior
864 774 1089 816 decumbas
1098 791 1108 824 ;
1154 776 1257 816 cena
1295 774 1422 815 dubia
1457 775 1529 815 ad-

810 837 985 897 ponitur.

363 897 476 950 Quid
496 898 603 939 istuc
623 898 805 939 uerbist?
835 899 913 939 PH.
928 899 1014 940 Vbi
1034 906 1079 939 tu
1094 898 1257 939 dubites
1271 899 1372 952 quid
1391 913 1528 939 sumas

810 962 1099 1015 potissumum.

363 1024 483 1064 Hae'e
513 1037 639 1077 quom
670 1023 872 1064 rationem
902 1025 1017 1064 ineas
1048 1037 1174 1076 quam
1205 1023 1285 1063 sint
1316 1022 1461 1064 suauia
1491 1030 1529 1064 et
1548 1035 1562 1058 3

380 1137 385 1145 ‚
811 1100 935 1139 quam
963 1088 1057 1126 cara
1083 1086 1174 1133 sint,

363 1148 427 1188 Ea
451 1147 522 1201 qui
548 1147 733 1202 praebet,
764 1148 848 1188 non
879 1155 923 1188 tu
949 1147 1060 1188 huno
1084 1147 1238 1188 habeas
1264 1147 1386 1202 plane
1411 1162 1530 1202 prae-

814 1211 973 1251 sentem
999 1210 1148 1250 deum?

364 1271 504 1314 Se'nex
530 1272 664 1313 adest:
690 1271 786 1313 uide
811 1272 912 1326 quid
937 1287 1057 1328 agas:
1082 1271 1216 1326 prima
1240 1271 1398 1312 coitiost
1417 1272 1530 1312 acer-

811 1349 941 1375 ruma.

363 1396 409 1439 Si
441 1398 531 1438 eam
563 1397 820 1446 sustinueris,
852 1396 1016 1451 postilla
1047 1396 1142 1445 iam,
1173 1396 1217 1436 ut
1246 1395 1380 1445 lubet,
1410 1395 1530 1437 ludas

811 1458 920 1500 lieet.

249 1586 476 1626 DmnPHo
508 1585 670 1626 HEG10
697 1583 941 1625 CRAvas
967 1582 1118 1625 Cimo
1143 1583 1365 1625 Pnomno
1394 1582 1529 1624 GETA

295 1658 418 1683 anssx
485 1656 688 1683 ADvocArx
930 1656 974 1680 111
1147 1654 1360 1681 PARAsrrvs
1390 1655 1535 1682 SERVOS

249 1710 331 1751 Dm.

252 2212 329 2252 Pu.

363 1709 633 1762 Enumquam
659 1709 886 1762 quoiquam
912 1708 1243 1749 contumeliosius

364 1772 556 1813 Audistis
581 1771 734 1812 factam
760 1771 965 1819 iniuriam,
991 1785 1116 1824 quam
1141 1770 1245 1811 haee
1268 1771 1330 1811 est
1354 1770 1479 1810 mihi?

365 1834 525 1875 Ade'ste
551 1848 717 1887 quaese.
763 1832 842 1874 GE.
869 1833 1005 1873 Iratus
1031 1840 1106 1873 est.
1148 1833 1226 1873 ΡΗ.
1254 1831 1367 1884 Quin
1391 1839 1436 1873 tu
1455 1832 1531 1874 hoc

545 1949 548 1952 Δ
817 1909 912 1950 age:

363 1960 455 2000 Iam
481 1973 559 2014 ego
586 1958 695 1999 huno
721 1957 900 2012 agitabo.
950 1957 1023 2012 pro
1049 1957 1173 1998 deum
1197 1957 1491 2006 inmortalium,

363 2022 503 2077 Negat
538 2020 747 2062 Phanium
790 2034 880 2061 esse
922 2019 1029 2060 hane
1072 2019 1149 2060 sibi
1187 2028 1407 2075 cognatam
1443 2020 1530 2061 De·

815 2082 980 2137 mipho?

366 2148 489 2188 Hane
503 2145 715 2200 Demipho
735 2152 859 2200 negat
879 2146 969 2185 esse
989 2145 1234 2199 cognatam?
1272 2143 1351 2185 GE.
1378 2144 1529 2199 Negat.

362 2211 509 2263 Neque
530 2210 616 2249 eius
636 2215 797 2262 patrem
816 2222 859 2248 se
879 2208 982 2248 seire
1002 2207 1073 2261 qui
1093 2207 1241 2248 fuerit?
1279 2206 1357 2247 GE.
1378 2207 1529 2262 Negat.

162 2277 229 2312 355
253 2275 335 2315 DE.
363 2274 506 2328 Ipsum
533 2272 622 2312 esse
648 2270 793 2325 opinor
817 2269 868 2310 de
894 2284 975 2323 quo
993 2269 1198 2324 agebam:
1232 2269 1462 2323 sequimini.

256 2337 350 2393 [PH.
367 2336 455 2377 Nee
482 2331 747 2387 Stilphonem
775 2333 911 2388 ipsum
959 2332 1063 2373 seire
1110 2332 1181 2386 qui
1229 2332 1377 2373 fuerit?
1448 2331 1527 2374 Gn.

253 2463 331 2503 PH.

258 2587 298 2628 G
302 2603 323 2627 Ε
329 2619 337 2628 .

814 2393 985 2450 Negat.]

364 2460 475 2512 Quia
501 2460 627 2514 egens
651 2458 831 2499 relictast
855 2459 1018 2507 misera,
1044 2457 1260 2512 ignoratur
1283 2472 1446 2512 parens,

368 2523 611 2578 Neclegitur
635 2521 741 2576 ipsa:
768 2521 864 2562 uide
890 2521 1064 2561 auaritia
1087 2521 1187 2573 quid
1212 2520 1322 2561 facit.

371 2586 417 2628 Si
443 2601 558 2627 erum
583 2583 841 2625 insimulabis
866 2583 1059 2632 malitiae,
1085 2583 1191 2624 male
1217 2583 1373 2624 audies.

163 2655 232 2691 360
257 2650 338 2691 Du.
372 2648 411 2690 O
439 2647 674 2690 audaciam!
702 2646 826 2688 etiam
852 2661 917 2687 nie
944 2646 1051 2687 ultro
1078 2654 1317 2687 accusatum
1342 2645 1523 2687 aduenit.

1532 1720 1568 1751 11,
1583 1721 1598 1745 3

1566 2032 1582 2057 5

1550 2470 1582 2494 10
