1700 2984
145 725 178 750 85
196 713 273 754 ΡΑ.

142 1098 175 1124 40

192 1275 270 1315 ΡΗ.

139 1411 174 1437 45

192 1586 271 1629 LA.

190 1774 268 1817 PH.

141 1848 174 1874 50

190 2333 268 2374 PH.

139 2471 171 2494 ου
192 2458 270 2497 LA.

733 136 937 172 HECYRA
1398 127 1479 168 217

309 219 434 261 Nunc
457 232 522 260 me
547 218 678 273 pietas
705 218 845 259 matris
872 217 1007 272 potius
1039 215 1301 258 cummodum
1334 217 1481 257 suadet

760 294 889 334 sequi.

268 375 275 382 .
307 343 541 398 Pamphile,
566 341 679 383 haud
702 342 833 383 inuito
859 342 912 382 ad
937 341 1048 382 auris
1069 342 1204 382 sermo
1225 341 1281 381 mi
1307 342 1482 382 accessit

758 413 864 453 tuos,

309 465 447 518 Quum
472 475 512 507 te
537 468 802 520 postputasse
827 465 960 506 omnis
993 480 1057 506 res
1086 466 1186 520 prae
1218 473 1389 520 parente
1419 464 1481 505 in-

758 527 909 582 tellego
919 544 929 576 3

309 591 468 632 Ve'rum
494 589 589 630 uide
615 604 666 630 ne
690 589 878 644 inpulsus
903 590 963 630 ira
988 591 1117 644 praue
1146 589 1325 638 insistas,
1354 588 1482 629 Pam-

757 652 881 706 phile.

315 712 480 764 Quibus
505 713 575 754 iris
607 728 718 754 nunc
744 714 935 768 inpulsus
960 714 1003 754 in
1027 714 1140 754 illam
1167 713 1330 767 iniquos
1357 713 1460 754 sim?
1506 722 1574 757 485

309 774 430 827 Quae
454 776 683 828 numquam
708 775 932 829 quicquam
963 778 1063 830 erga
1095 791 1161 818 me
1186 776 1483 825 commeritast,

755 846 885 892 pater,

309 900 437 952 Quod
462 900 627 949 ndllem,
654 908 694 941 et
720 915 842 955 saepe
863 900 973 953 quud
994 900 1144 941 uellem
1164 901 1356 942 meritam
1376 900 1480 949 scio3

306 963 504 1015 Amuque
529 970 567 1003 et
592 962 717 1003 laudo
743 970 783 1003 et
807 963 1020 1003 uenienter
1049 963 1251 1004 desidero.

306 1025 416 1065 Nam
441 1024 569 1066 fuisse
595 1039 695 1080 erga
720 1040 786 1066 me
819 1026 921 1064 miro
952 1024 1119 1079 ingenio
1146 1026 1341 1080 expertus
1375 1041 1480 1075 sum,

307 1087 455 1140 Illique
481 1095 631 1141 exopto
656 1094 703 1128 ut.
726 1087 926 1128 relicuam
951 1087 1081 1127 uitam
1107 1088 1247 1142 e'xigat
1505 1090 1574 1126 490

308 1148 418 1190 Cum
444 1150 492 1190 ec')
520 1149 622 1198 uiro,
648 1164 714 1190 me
740 1151 812 1202 qui
836 1149 889 1190 sit
912 1148 1173 1198 fortunatior,

305 1211 659 1265 Quanddquidem
683 1212 796 1253 illam
822 1227 847 1252 a
871 1227 937 1253 me
963 1212 1151 1253 distrahit
1177 1213 1416 1255 necessitas.

303 1274 400 1315 Tibi
423 1274 467 1315 id
490 1276 533 1315 in
557 1282 721 1315 manust
747 1289 798 1316 ne
824 1274 911 1315 fiat.
972 1274 1050 1315 LA.
1079 1273 1127 1316 Si
1152 1277 1277 1316 sanus
1306 1276 1404 1317 sies:

306 1337 411 1378 Iube
435 1337 549 1378 illam
573 1337 719 1379 redire.
773 1338 849 1378 ΡΑ.
876 1337 968 1377 Ndn
995 1346 1056 1378 est
1085 1338 1318 1388 consilium,
1342 1347 1478 1393 pater:

304 1400 453 1440 Matris
479 1400 643 1441 seruibo
672 1399 914 1440 cummodis.
975 1399 1055 1440 LA.
1084 1399 1180 1451 Quo
1214 1401 1329 1441 abis?
1360 1401 1477 1442 ades:
1504 1409 1571 1442 495

305 1462 449 1512 Mane,
481 1464 669 1516 inquam:
703 1476 785 1515 quo
812 1462 925 1503 abis?
950 1486 1004 1491 —-
1029 1462 1108 1504 PH.
1135 1462 1256 1515 Quae
1288 1463 1391 1504 hae'c
1417 1472 1479 1505 est

754 1524 1005 1579 pertinacia?

304 1586 448 1635 Dixin,
486 1586 708 1641 Phidippe,
750 1587 858 1627 hanc
893 1602 980 1628 rem
1018 1588 1139 1641 ae'gre
1170 1587 1351 1628 laturum
1387 1589 1479 1629 esse

755 1650 874 1690 eum?

305 1710 445 1763 Quam
471 1711 524 1752 ob
550 1713 637 1752 re'm
663 1720 702 1752 te
728 1712 912 1759 orabam,
940 1711 1071 1752 filiam
1096 1719 1141 1752 ut
1164 1713 1408 1754 remitteres.

300 1774 396 1814 Non
422 1774 578 1815 credidi
604 1774 751 1828 edepol
775 1774 880 1814 adeo
905 1773 1179 1814 inhumanum
1204 1774 1304 1815 fore.

304 1837 369 1877 Ita
393 1837 504 1877 nunc
528 1836 562 1876 is
589 1836 667 1876 sibi
692 1851 758 1877 me
784 1836 1114 1891 supplicaturum
1139 1837 1283 1890 putat?
1500 1846 1568 1880 500

306 1899 352 1939 Si
378 1907 440 1940 est
463 1899 509 1939 ut
532 1899 633 1939 uelit
657 1898 885 1940 redducere
910 1899 1096 1947 uxorem,
1125 1899 1219 1939 licet
1227 1915 1238 1948 3

305 1959 381 2001 Sin
405 1960 526 2001 aliost
550 1960 703 2009 animo,
729 1962 965 2001 renumeret
993 1960 1133 2001 dotem
1157 1960 1251 2008 huc,
1279 1968 1355 2001 eat.

262 2055 270 2063 .
303 2022 414 2063 Ecce
440 2023 579 2064 autem
604 2031 649 2063 tu
674 2036 841 2075 quoque
866 2024 1059 2076 pruterue
1084 2022 1307 2064 iracundus
1333 2023 1394 2064 es!

190 2085 268 2126 PH.

140 2160 172 2184 ῡῑ»
191 2147 270 2188 LA.

191 2209 268 2250 ΡΗ.

301 2085 607 2125 Percuntumax
631 2085 773 2126 redisti
798 2084 879 2125 huc
904 2085 1036 2133 nobis,
1062 2084 1302 2139 Pamphile!

302 2147 491 2188 Decedet
515 2147 598 2187 iam
622 2147 683 2188 ira
707 2147 823 2196 haec,
849 2147 925 2187 e'tsi
951 2147 1095 2187 merito
1121 2146 1249 2188 iratus
1275 2155 1348 2189 est.
1499 2158 1566 2192 505

301 2209 412 2260 Quia
436 2210 610 2264 paulum·
632 2209 752 2250 uobis
778 2209 951 2269 accessit
976 2209 1191 2263 pecuniae,

305 2271 468 2312 Sublati
493 2271 619 2312 animi
644 2280 752 2312 sunt.
813 2271 892 2312 LA.
919 2271 1058 2311 Etiam
1083 2286 1248 2313 mecum
1272 2271 1434 2327 litigas?

300 2333 517 2374 Deliberet
541 2334 830 2387 renuntietque
856 2333 977 2374 hodie'
1003 2334 1116 2383 mihi,

302 2396 468 2437 Velitne
495 2411 547 2436 an
571 2411 671 2436 non:
698 2404 744 2436 ut
768 2396 851 2444 alii,
878 2396 911 2436 si
937 2396 1032 2436 huic
1056 2411 1140 2437 non.
1166 2397 1241 2445 est,
1270 2396 1359 2438 siet.

302 2458 522 2512 Phidippe‚
549 2458 660 2506 ades,
688 2458 784 2498 audi
810 2457 963 2512 paucis.
989 2483 1044 2488 —-
1069 2459 1182 2499 abiit.
1230 2460 1330 2512 quid
1355 2460 1472 2500 mea?
1497 2470 1564 2504 510

303 2519 519 2560 Postremo
544 2521 650 2561 inter
676 2535 718 2560 se
744 2521 975 2575 transigant
999 2520 1090 2575 ipsi,
1116 2521 1161 2561 ut
1184 2521 1314 2569 lubet,

303 2582 483 2632 Quandu
508 2597 585 2623 nec
613 2591 763 2637 gnatus
793 2584 927 2635 neque
959 2582 1025 2622 hic
1056 2582 1112 2622 mi
1143 2583 1367 2637 quicquam
1398 2584 1471 2625 ob-

746 2646 990 2700 temperant,
