1700 2984
214 138 267 180 74
533 146 776 184 HEAVTON
800 145 1166 183 TIMORVMENOS
1398 144 1466 189 111,
1481 147 1514 180 2.
1533 145 1554 179 3

323 231 381 271 Et
403 246 456 272 ne
480 231 558 286 ego
579 238 631 280 te,
657 229 692 271 si
709 243 809 270 usus
834 229 987 279 ueniat,
1011 228 1246 285 magnifice,
1273 226 1487 275 Chremes,
1506 237 1539 262 45

323 292 521 334 Tractzire
534 291 700 347 possim.
740 290 818 332 Cn.
833 289 901 332 De
920 292 1037 341 istoc,
1056 304 1183 345 quom
1201 304 1301 331 usus
1315 288 1489 338 uenerit,

323 355 571 397 Videbimus
597 354 698 408 quid
721 354 825 408 opus
851 352 920 394 sit:
945 367 1057 394 nunc
1079 353 1187 394 istuc
1211 367 1302 408 age.
1328 376 1381 380 —

214 415 285 458 Sr.
327 417 568 470 Numquam
583 414 840 457 commodius
859 415 1058 469 umquam
1080 430 1194 456 erum
1208 414 1350 455 audiui
1365 412 1490 467 loqui,

123 481 189 515 560
323 478 414 520 Nec
439 479 566 532 quom
591 478 697 519 male
722 477 860 518 facere
886 477 1095 518 cre'derem
1120 477 1177 517 mi
1200 475 1394 531 inpunius

323 541 486 582 Lice're.
511 540 604 594 quis
629 555 725 581 nam
750 555 774 579 a
798 539 917 579 nobis
943 539 1152 594 egreditur
1176 538 1311 579 foras?
1447 574 1449 577 ,
1508 548 1542 574 50

437 658 699 700 CHREMES
759 656 1034 699 CLITIPHO
1095 660 1268 698 SYRVS

499 730 623 756 SExEx
765 728 1019 755 ADVLESCENS
1105 727 1252 754 SERvos

214 784 291 826 Cn.
325 783 438 836 Quid
473 783 580 824 istuc
609 781 789 836 quaeso?
824 783 896 835 qui
924 781 1016 822 istic
1052 795 1140 821 mos
1165 789 1239 829 est,
1273 779 1559 835 Clitiph0?m‚s

774 844 885 884 itane
909 843 1001 885 fieri
1026 843 1212 898 oportet?

215 910 289 950 CL.
328 908 442 960 Quid
468 921 545 963 ego
570 907 676 948 feci?
723 905 802 947 Cn.
834 905 963 947 Vidin
994 920 1073 960 ego
1103 913 1143 946 te
1169 904 1292 945 modo
1323 919 1493 945 manum

773 968 814 1008 in
840 968 976 1008 sinum
1001 967 1096 1008 huic
1121 967 1325 1008 meretrici

324 1020 546 1087 ingerere?
572 1031 643 1073 SY.
664 1032 775 1072 Acta
793 1029 896 1071 haec
915 1030 979 1070 res
999 1037 1078 1070 est:
1098 1029 1213 1084 perii.
1248 1028 1321 1070 CL.
1341 1028 1494 1070 Mene?

775 1090 853 1133 CH.
881 1092 1010 1132 Hisce
1036 1091 1179 1140 oculis,
1205 1092 1257 1132 ne
1282 1106 1402 1145 nega.

122 1165 189 1198 565
324 1158 448 1199 Facis
472 1157 576 1198 &ideo
601 1156 770 1211 indigne
788 1154 981 1195 iniuriam
1000 1153 1069 1203 illi,
1096 1156 1167 1208 qui
1185 1168 1267 1195 non
1288 1154 1494 1194 abstinezis

773 1231 956 1258 manum.

325 1282 435 1324 Nam
460 1282 588 1322 istaec
613 1280 782 1334 quidem
807 1278 1108 1328 contumeliast‚

327 1345 553 1386 Hominem
567 1343 746 1384 amicum
760 1342 940 1396 recipere
955 1341 1007 1381 ad
1021 1348 1061 1382 te
1080 1347 1204 1394 atque
1218 1341 1306 1382 eius
1320 1340 1495 1381 amicam

777 1403 1018 1459 subigitare.

327 1471 407 1514 Vel
427 1469 515 1511 heri
534 1468 575 1509 in
595 1468 692 1509 uino
712 1481 837 1521 quam
861 1466 1117 1507 inmodestus
1137 1465 1264 1514 fuisti,
1298 1464 1369 1506 SY.
1389 1465 1496 1506 Fac-

347 1582 355 1595 Ι
776 1538 877 1570 tum.
928 1527 1006 1569 Cn.
1038 1530 1165 1582 que'un
1190 1527 1406 1569 molestus!

325 1594 385 1637 Vt
404 1594 610 1648 equidem,
636 1593 692 1634 ita
710 1607 776 1633 me
796 1591 837 1632 di
857 1601 1007 1639 ament,
1029 1590 1170 1638 metui,
1190 1590 1291 1644 quid
1311 1591 1497 1631 futurum

780 1653 958 1707 denique
984 1652 1109 1694 esset!

126 1726 193 1761 570
329 1719 441 1761 Noui
478 1733 555 1774 ego
592 1716 786 1759 amantis:
830 1716 1013 1756 {inimum
1051 1714 1274 1755 aduortunt
1316 1713 1498 1770 gra'uiter

778 1793 886 1832 quae
910 1792 993 1819 non
1019 1791 1200 1818 censeas.

219 1844 294 1886 CL.
331 1845 391 1886 At
416 1844 516 1885 mihi
542 1843 643 1884 fides
667 1841 780 1897 apud
805 1840 914 1881 hunc
939 1848 1013 1889 est,
1044 1839 1102 1880 nil
1128 1855 1193 1881 me
1223 1839 1339 1880 istius
1366 1838 1498 1880 factu·
1520 1851 1550 1876 ιο

777 1904 882 1952 rum,
908 1910 1056 1958 pater..

220 1970 298 2011 Cn.
329 1958 447 2018 Esto,
468 1976 633 2010 atcerte
646 1974 692 2008 ut
705 1966 800 2007 hinc
814 1965 1016 2007 concedas
1036 1964 1174 2018 {aliquo
1197 1964 1249 2005 ab
1269 1978 1338 2005 ore
1358 1978 1500 2005 eorum

782 2028 1094 2082 dliquantisper.

332 2094 470 2135 Multa
501 2093 581 2135 fert
610 2091 772 2134 lubido:
811 2106 860 2132 ea
892 2090 1028 2132 facere
1058 2089 1251 2145 prohibet
1282 2097 1353 2129 tua
1383 2104 1501 2144 prae-

781 2154 926 2195 sentia.

333 2220 401 2261 De
426 2234 492 2260 me
512 2218 619 2259 facio
640 2216 936 2258 coniecturam:
961 2216 1123 2256 nemost
1143 2229 1329 2256 meorum
1351 2215 1501 2254 amico-

782 2294 874 2320 rum
900 2278 1035 2327 hodie,

131 2353 197 2388 575
334 2332 466 2400 Apud
490 2358 614 2398 quem
635 2356 877 2397 expromere
903 2341 1041 2382 omnia
1065 2355 1157 2381 mea
1181 2339 1355 2389 occulta,
1383 2338 1502 2380 Cliti-

785 2404 881 2460 pho,
908 2403 1095 2445 audeam.

334 2469 465 2525 Apud
489 2468 614 2510 &ilium
641 2467 831 2523 prohibet
856 2466 1034 2521 dignitas
1044 2482 1053 2515 3
1086 2465 1196 2520 apud
1221 2464 1347 2506 tilium
1372 2464 1502 2519 ipsius
1524 2475 1554 2501 15

782 2529 881 2570 facti
907 2529 1047 2584 pudet,

336 2596 400 2636 Ne
414 2595 592 2649 ine'ptus,
613 2608 665 2634 ne
686 2593 902 2647 proteruus
922 2591 1083 2632 uidear:
1104 2590 1216 2644 qudd
1236 2590 1351 2630 illum
1367 2581 1502 2629 fa‘cere

784 2655 950 2696 cre'dito.

1531 1289 1547 1314 ζῆ
