1726 2984
335 131 390 175 38

875 141 1069 178 ANDRIA
1525 144 1591 190 lv,
1607 145 1639 180 2.
1657 144 1680 180 3

446 223 516 264 Ad
551 223 779 279 agendum:
821 239 874 266 ne
915 226 1106 266 uocc'uom
1145 224 1272 280 [esse]
1310 240 1377 267 me
1414 240 1524 266 nunc
1558 225 1612 267 zid

892 287 1144 328 narrandum
1170 288 1330 328 credas:

445 347 627 389 Proinde
652 347 747 389 hinc
773 363 848 390 uos
868 349 1114 399 amolimini3
1140 365 1237 391 nam
1257 349 1312 390 mi
1331 349 1612 404 inpedimento

897 411 1007 452 estis.

333 470 410 512 ΡΑ.
441 470 536 526 Ego
567 471 674 513 hanc
703 474 849 514 uisam.
875 496 929 502 —
953 472 1037 514 DA.
1069 473 1185 526 Quid
1223 474 1292 514 tu?
1333 488 1415 528 quo
1445 474 1541 515 hinc
1571 480 1611 516 te
1629 485 1662 513 25

244 722 309 757 710
332 719 415 760 ΒΑ.

332 965 410 1008 Cn.

329 1089 414 1131 DA.

334 1212 411 1255 Cn.

241 1344 307 1380 715
331 1338 417 1380 MY.

241 1968 307 2003 720

332 2214 421 2256 MY.

241 2344 306 2378 725

330 2652 414 2695 DA.

895 535 1008 590 agis?
1056 534 1134 577 Cn.
1177 536 1336 577 Verum
1363 536 1426 577 uis
1451 536 1611 577 dicam?

893 597 977 638 DA.
1008 598 1142 639 Immo
1168 598 1310 639 etiam:

444 658 702 700 Narrationis
728 659 870 714 incipit
888 660 944 700 mi
968 660 1144 701 initium.
1184 659 1261 702 CH.
1294 660 1409 713 Quid
1429 675 1494 701 me
1514 660 1612 701 fiet?

447 719 540 761 Eho
566 728 611 762 tu
634 721 853 776 inpudens,
886 736 968 762 non
994 722 1091 763 satis
1118 722 1259 771 habes,
1291 721 1402 776 quod
1427 721 1501 763 tibi
1525 721 1611 763 die-

895 785 1032 825 culam
1056 784 1179 833 addo,

445 843 663 896 Quantum
687 844 782 886 huic
812 860 1038 900 promoueo
1063 846 1252 900 nuptias?
1295 844 1374 886 Cn.
1406 845 1543 894 Daue,
1568 847 1611 886 eit

892 915 1032 948 tamen
1067 907 1150 948 DA.
1183 906 1298 959 Quid
1325 907 1448 961 ergo?

443 968 500 1010 Vt
526 967 688 1010 ducam.
733 967 815 1010 DA.
849 969 1102 1010 Ridiculum.
1147 967 1225 1009 Cn.
1256 969 1354 1009 Huc
1378 968 1445 1009 fac
1469 969 1521 1009 ad
1546 983 1610 1010 me

891 1038 937 1071 ut
961 1030 1120 1078 uenias,
1147 1030 1180 1071 si
1206 1030 1306 1083 quid
1330 1030 1496 1084 poteris.

447 1090 561 1144 Quid
586 1092 776 1134 ueniam?
806 1093 863 1134 nil
888 1093 1035 1134 habeo,
1074 1090 1151 1133 CH.
1177 1080 1237 1133 At
1263 1100 1413 1141 tamen,
1440 1093 1471 1133 si
1498 1092 1609 1147 quid.
1629 1105 1662 1130 30

890 1155 973 1195 DA.
1005 1156 1102 1208 Age
1127 1155 1305 1202 ueniam,
1333 1156 1366 1195 si
1390 1155 1502 1207 quid.

442 1215 571 1257 Domi
597 1218 678 1258 ero.
727 1217 811 1258 DA.
843 1217 924 1265 Tu,
949 1217 1099 1271 Mysis,
1125 1217 1223 1257 dum
1249 1219 1364 1265 exeo,
1390 1218 1611 1272 parumper

894 1294 959 1320 me
985 1280 1174 1334 opperire
1199 1279 1278 1319 hic.

446 1339 737 1395 Quapropter?
772 1340 856 1381 DA.
890 1341 956 1381 Ita
979 1341 1130 1382 factost
1154 1355 1269 1395 opus.
1307 1341 1396 1381 MY.
1426 1341 1609 1382 Matura.

892 1403 977 1444 DA.
1008 1400 1099 1444 Iam
1124 1403 1293 1457 inquam
1318 1403 1384 1445 hic
1409 1404 1547 1444 adero.

754 1527 805 1568 M
818 1544 844 1568 Y
857 1543 875 1568 s
888 1543 902 1568 1
915 1542 935 1569 s
992 1527 1035 1568 D
1049 1542 1075 1568 A
1089 1544 1114 1569 v
1128 1543 1151 1569 0
1165 1542 1185 1569 s

755 1599 928 1626 ANCILLA
1010 1599 1157 1626 smzvos

411 1683 418 1692 .
445 1651 568 1693 Nilne
588 1654 678 1694 esse
697 1653 909 1708 proprium
927 1652 1170 1706 quoiquam!
1197 1652 1238 1693 di
1256 1655 1438 1693 nostram
1464 1652 1680 1702 fideml1v,3

443 1713 665 1756 Summum
704 1715 859 1755 bonum
902 1729 991 1756 esse
1028 1716 1122 1756 erae
1158 1714 1304 1769 putaui
1339 1715 1449 1756 hunc
1485 1715 1611 1756 Paim—

894 1777 1067 1832 philum,

443 1841 655 1889 Amicum,
683 1841 922 1889 amatorem,
948 1840 1085 1880 uirum
1109 1839 1152 1880 in
1177 1841 1325 1892 quouis
1349 1839 1440 1881 loco

442 1902 663 1950 Paratum3
695 1917 842 1943 uerum
868 1917 919 1943 ex
951 1903 999 1943 eo
1031 1916 1141 1942 nunc
1172 1901 1323 1942 misera
1347 1903 1471 1955 quem
1503 1902 1613 1957 capit

444 1964 674 2006 Laborem!
706 1964 827 2006 facile
853 1964 920 2005 hic
945 1964 1037 2019 plus
1068 1964 1205 2005 malist
1229 1979 1355 2018 quam
1386 1964 1469 2005 illic
1499 1964 1609 2007 boni.
1646 1978 1663 2003 ⁵

446 2026 531 2068 Sed
557 2026 703 2068 Dauos
729 2027 824 2068 exit.
856 2028 913 2067 mi
937 2026 1072 2076 homo,
1099 2026 1199 2079 quid
1223 2026 1330 2067 istuc
1355 2026 1590 2068 obsecrost?

444 2089 541 2142 Quo
555 2091 695 2144 portas
710 2090 910 2144 puerum?
935 2088 1017 2129 DA.
1038 2089 1186 2143 Mysis,
1207 2103 1318 2130 nunc
1337 2103 1440 2144 opus
1461 2091 1522 2130 est
1541 2098 1612 2131 tua

443 2152 554 2193 Mihi
567 2152 621 2193 ad
632 2152 740 2193 hanc
759 2167 846 2194 rem
868 2160 1111 2206 exprompta
1130 2151 1285 2212 marilitia
1303 2159 1428 2205 atque
1447 2152 1610 2193 astutia.

449 2213 563 2266 Quid
593 2230 689 2255 nam
720 2214 999 2269 incepturu’s?
1045 2213 1129 2254 DA.
1161 2213 1321 2268 Accipe
1352 2229 1376 2254 a
1405 2228 1472 2255 me
1502 2213 1612 2256 hunc

891 2276 1005 2317 ocius

444 2339 587 2392 Atque
622 2340 718 2379 {inte
755 2345 936 2379 nostram
972 2338 1138 2379 izinuam
1175 2338 1349 2393 adpone.
1398 2338 1487 2380 MY.
1521 2325 1663 2381 Ob-10
1723 2391 1726 2394 Α

893 2415 1023 2449 secm,

443 2463 654 2504 Humine‘?
700 2462 783 2503 DA.
817 2462 883 2503 Ex
909 2478 978 2503 ara
1005 2463 1099 2503 hinc
1125 2464 1240 2504 sume
1265 2463 1470 2504 uerbenas
1496 2463 1570 2504 tibi

443 2526 586 2579 Atque
612 2527 680 2567 cais
706 2525 934 2566 substerne.
981 2526 1066 2565 Mv.
1100 2524 1240 2576 Quam
1265 2526 1319 2566 ob
1344 2540 1430 2566 rem
1456 2525 1497 2565 id
1522 2532 1609 2568 tute

891 2589 974 2628 ndn
1000 2587 1126 2628 facis?

448 2650 572 2705 Quia,
599 2652 632 2691 si
658 2649 762 2693 forte
789 2664 890 2707 opus
917 2650 965 2690 sit
992 2649 1045 2690 ad
1071 2665 1185 2690 erum
1212 2649 1340 2692 iurato'
1366 2649 1465 2693 mihi
