1700 2984
252 85 334 127 228
798 90 1005 127 HECYRA
1463 93 1509 139 v,
1527 95 1558 129 1.
1574 94 1597 130 2

162 179 230 215 750
254 175 331 217 BA.
365 174 411 217 Si
436 173 550 216 aliud
574 174 723 216 scirem
748 175 820 228 qui
843 172 1008 214 firmare
1033 174 1168 215 meam
1193 173 1305 230 apud
1330 189 1405 216 uos
1429 189 1526 230 pos-

815 237 902 276 sem
926 235 1065 284 fidem,

367 298 562 350 Sanctius
594 312 722 352 quam
751 297 815 339 ius
850 297 1087 347 iurandum,
1124 296 1167 338 id
1195 297 1412 353 pollicerer
1442 298 1530 348 tibi,
1549 310 1582 336 25

814 359 995 409 Laches,

368 421 648 477 Segregatum
662 421 871 471 habuisse,
892 436 1066 463 uxorem
1079 428 1125 462 ut
1138 421 1269 471 duxit,
1290 437 1314 463 a
1327 437 1393 464 me
1406 421 1532 464 Pam-

813 483 986 538 philum.

253 547 333 588 LA.
364 545 530 601 Lepida
549 561 604 587 es.
632 545 705 587 sed
725 546 826 594 sein,
845 545 947 599 quid
966 545 1062 586 uolo
1081 545 1219 601 potius
1238 546 1358 588 sodes
1378 545 1532 587 facias?

815 608 894 648 ΒΑ.
927 605 1067 660 Quid?
1092 608 1207 649 cedo.

253 672 333 712 LA.
364 672 450 712 Eas
483 671 535 712 ad
565 671 757 712 mulieres
789 670 871 711 hue
895 670 1002 711 intro
1027 677 1152 724 atque
1175 672 1282 712 istuc
1306 670 1370 712 ius
1394 671 1532 712 iuran-

816 733 915 773 dum
940 732 1037 774 item

162 801 228 836 755
368 795 598 837 Polliceare
611 795 703 836 illis.
731 795 850 850 exple
864 795 1048 836 animum
1062 795 1120 836 eis
1134 796 1257 850 teque
1271 795 1350 838 hoc
1363 794 1532 838 crimine

813 857 975 913 expedi

252 923 330 963 BA.
361 921 547 969 Faciam,
580 919 693 974 quod.
723 920 805 974 pol,
837 920 871 960 si
900 922 1009 962 esset
1039 920 1120 960 alia
1153 934 1205 962 ex
1235 919 1312 961 hoo
1341 927 1531 974 quaestu,
1550 932 1583 958 so

814 982 927 1023 haud
951 982 1120 1031 faceret,
1147 982 1245 1031 scio,

362 1046 422 1088 Vt
447 1045 498 1087 de
524 1045 595 1086 tali
621 1045 746 1085 causa
770 1052 926 1100 nuptae
951 1044 1113 1086 mulieri
1138 1060 1181 1086 se
1207 1044 1453 1086 ostenderet.

366 1108 453 1150 Sed
471 1108 566 1149 nolo
587 1122 677 1148 esse
696 1107 802 1148 falsa
820 1108 932 1148 fama
951 1109 1126 1162 gnatum
1145 1108 1383 1162 suspectum
1403 1115 1532 1157 tuom,

366 1171 457 1212 Ne'c
481 1170 681 1212 leuiorem
706 1169 841 1218 u6bis,
867 1169 1018 1223 quibus
1045 1177 1106 1210 est
1130 1171 1314 1211 minume
1339 1184 1531 1224 aequom,

815 1247 911 1272 eum
936 1231 1114 1273 uiderier

163 1301 228 1335 760
363 1282 583 1344 Ϊηῐῐιθῑίῐο;
620 1309 716 1335 nam
747 1294 918 1335 meritus
951 1294 1002 1334 de
1033 1309 1099 1335 me
1130 1301 1204 1343 est,
1240 1293 1353 1348 quod
1383 1308 1533 1348 queam

812 1356 870 1397 illi
895 1364 941 1397 ut
964 1356 1234 1398 commodem.

255 1421 333 1461 LA.
366 1419 551 1461 Facilem
588 1419 912 1473 beniuoh'unque
947 1419 1092 1474 lingua
1127 1419 1199 1460 tua
1239 1419 1320 1459 iam
1357 1418 1431 1459 tibi
1467 1434 1533 1460 me
1551 1432 1584 1457 35

816 1481 1014 1521 reddidit:

366 1545 477 1586 Nam
501 1559 583 1586 non
609 1551 705 1585 sunt
730 1544 841 1586 solae
866 1544 1089 1585 arbitratae
1114 1543 1235 1594 haec3
1262 1545 1340 1598 ego
1366 1558 1532 1598 quoque

815 1606 939 1648 etiam
964 1606 1132 1647 credidi.

365 1670 489 1712 Nune
508 1683 634 1723 quam
657 1683 735 1724 ego
755 1676 795 1710 te
816 1684 905 1710 esse
925 1670 1088 1724 praeter
1100 1676 1284 1709 nostram
1298 1668 1533 1723 opinionem

817 1746 1012 1786 compen,

365 1795 452 1837 Fac
477 1794 623 1836 eadem
648 1801 693 1835 ut
719 1794 774 1835 sis
798 1795 936 1848 porro:
962 1800 1104 1834 nostra
1128 1794 1243 1834 utere
1269 1793 1463 1843 amicitia,
1487 1795 1533 1835 ut

816 1857 943 1898 uoles.

164 1926 231 1960 765
367 1907 502 1961 Aliter
533 1919 566 1961 si
597 1918 725 1960 facies
750 1950 760 1960 .
787 1951 795 1960 .
822 1919 1044 1974 reprimam
1073 1932 1154 1967 me,
1184 1933 1237 1959 ne
1268 1919 1393 1973 aegre
1423 1919 1533 1972 quio-

817 1995 943 2035 quam
968 1996 1019 2022 ex
1043 1995 1109 2022 me
1135 1981 1291 2021 audias.

367 2045 527 2087 Verum
559 2043 637 2085 hoo
668 2050 709 2084 te
740 2059 888 2085 moneo
919 2044 1062 2092 unum,
1099 2043 1257 2084 amicus
1292 2042 1425 2097 qualis
1457 2043 1534 2084 sim
1552 2055 1586 2080 40

821 2113 893 2147 aut
916 2105 1017 2159 quid
1041 2105 1219 2160 possiem

368 2169 514 2211 Potius
540 2183 665 2223 quam
690 2168 895 2218 inimicus,
921 2168 1122 2223 periclum
1146 2167 1288 2209 facias.

415 2294 727 2335 PHIDIPPVS
812 2285 1037 2333 LAans
1123 2293 1372 2333 BAccn1s

504 2365 623 2392 smffls
903 2365 931 2389 11
1144 2365 1341 2390 mznmmx

1027 2417 1106 2457 Pu.
1138 2417 1208 2457 Nil
1233 2416 1345 2471 apud
1369 2418 1436 2458 me
1462 2417 1536 2458 tibi
1550 2430 1603 2460 v,2

370 2480 533 2522 Defieri
546 2480 692 2535 patiar,
708 2480 807 2533 quin
821 2478 1001 2533 benigne
1015 2479 1125 2532 quod
1139 2487 1262 2534 opust
1275 2479 1535 2534 praebeatur.

373 2543 458 2586 Sed
479 2544 603 2598 quom
622 2550 666 2584 tu
687 2549 827 2583 satura
847 2549 971 2595 atque
991 2541 1105 2582 ebria
1125 2542 1216 2592 eris,
1237 2548 1281 2582 ut
1301 2542 1405 2597 puer
1424 2549 1537 2584 satur

819 2604 870 2645 sit
896 2603 1032 2645 facito.
