1700 2984
227 131 304 174 128
728 142 1000 179 EVNVCHVS
1465 146 1530 190 IV,
1548 146 1570 180 3

335 224 393 267 Vt
434 238 513 279 ego
553 224 764 279 unguibus
809 224 932 266 facile
967 225 1026 266 ssli
1063 225 1105 267 in
1142 226 1284 267 oculos
1320 226 1502 268 inuolem

782 285 989 327 uenefioo!

221 348 298 388 PH.
328 348 480 389 Nescio
522 348 623 402 quid
664 347 850 402 profecto
889 348 1060 390 absente
1097 349 1214 390 nobis
1251 349 1504 390 turbatumst

784 409 909 450 domi.

130 478 197 512 650
333 472 487 513 Adibo.
518 472 619 526 quid
637 471 769 512 istuc?
798 472 899 525 quid
919 471 1115 513 festinas?
1140 473 1212 513 aut
1231 487 1355 526 quem
1376 487 1502 527 quae-

777 533 846 584 ris,
872 533 1074 588 Pythias?

220 596 296 636 ΡΥ.
328 595 464 637 Ehem
484 596 706 645 Phaedria,
732 610 810 651 ego
835 610 960 650 quem
980 598 1202 650 quaeram?
1227 597 1280 638 in'
1301 597 1397 638 hinc
1422 611 1504 651 quo

780 659 945 713 dignu’s
971 673 1065 699 eum
1092 659 1210 700 donis
1237 660 1317 700 tuis

331 720 440 761 Tam
464 720 636 775 lepidis?
694 719 772 761 ΡΗ.
805 720 921 773 Quid
945 722 1051 762 istuc
1075 722 1136 762 est
1162 724 1246 762 re'l'?
1523 733 1555 758 10

218 782 294 824 PY.
329 783 469 838 Rogas
505 783 596 824 me?
633 783 872 823 eunuchum
909 784 1034 837 quem
1065 784 1214 825 dedisti
1246 784 1362 825 nobis
1400 798 1503 838 quas

778 846 920 887 turbas
945 847 1076 888 dedit!

331 906 471 959 Quam
497 922 591 949 erae
618 907 725 948 dono
751 907 921 950 de'derat
939 909 1070 958 miles,
1097 908 1303 964 uirginem
1327 909 1503 951 uitiauit.

780 970 859 1012 PH.
893 970 1008 1023 Quid
1035 972 1118 1012 ais?

128 1032 194 1067 655
217 1031 294 1072 Py.
328 1031 452 1073 Perii.
499 1031 577 1073 PH.
604 1032 899 1074 Temulenta’s.
943 1033 1019 1074 ΡΥ.
1046 1033 1216 1075 Vtinam
1244 1034 1301 1074 sie
1327 1034 1408 1074 sint
1433 1034 1504 1088 qui

779 1095 881 1136 mihi
905 1095 1013 1136 male
1037 1096 1202 1136 uolunt!

218 1157 302 1199 Do.
329 1158 401 1199 Au
426 1157 615 1207 obsecro,
648 1172 741 1198 mea
765 1157 962 1212 Pythias,
994 1159 1106 1212 quod
1132 1161 1238 1200 istuc
1263 1174 1360 1200 nam
1387 1173 1504 1200 mon-

779 1221 910 1261 strum
936 1220 1038 1261 fuit?

218 1282 296 1323 ΡΗ.
329 1283 511 1324 Insanis:
532 1283 605 1337 qui
624 1282 729 1324 istuc
743 1282 880 1324 faeere
896 1282 1111 1325 eunuchus
1126 1284 1281 1338 potuit?
1318 1284 1394 1326 Py.
1410 1284 1503 1340 Ego
1523 1296 1555 1322 15

780 1345 898 1386 illum
923 1345 1062 1386 nescio

331 1408 416 1461 Qui
442 1409 586 1457 fuerit3
613 1407 690 1449 hoo
715 1407 827 1461 quod
852 1407 963 1457 fecit,
989 1423 1054 1449 res
1078 1408 1168 1463 ipsa
1193 1408 1360 1450 indicat.

329 1471 462 1526 Virgo
483 1472 572 1526 ipsa
591 1471 792 1511 lacrumat
813 1470 962 1523 neque,
988 1485 1113 1524 quom
1134 1471 1301 1526 rogites,
1328 1471 1428 1525 quid
1451 1472 1504 1512 sit

782 1532 905 1574 audet
933 1532 1082 1574 dicere.

127 1596 194 1630 660
330 1595 405 1637 Ille
431 1596 571 1636 autem
597 1595 729 1636 bonus
750 1595 815 1635 uir
833 1595 1038 1648 nusquam
1059 1595 1243 1650 adparet.
1282 1595 1407 1637 etiam
1425 1595 1504 1637 hoo

780 1657 931 1698 misera
957 1657 1157 1712 suspicor,

330 1720 507 1773 Aliquid
532 1720 654 1761 domo
680 1719 904 1761 abeuntem
929 1719 1162 1761 abstulisse.
1212 1719 1290 1761 ΡΗ.
1328 1719 1502 1774 Nequeo

782 1782 922 1822 mirari
947 1782 1058 1831 satis,

332 1844 429 1898 Quo
455 1845 523 1886 ille
549 1845 638 1885 Ῐιίηο
663 1844 778 1886 abire
803 1844 979 1900 ignauos
1004 1844 1136 1899 possit
1160 1844 1340 1899 longius,
1366 1845 1444 1886 nisi
1469 1846 1503 1886 si
1521 1857 1554 1882 ρο

779 1907 949 1948 domum

329 1971 454 2013 Forte
486 1970 540 2011 {id
570 1984 644 2010 nos
675 1969 809 2011 rediit.
869 1969 944 2011 ΡΥ.
979 1970 1079 2011 Vise
1111 1970 1273 2019 amabo,
1304 1971 1405 2011 mim
1436 1971 1500 2012 sit.

782 2032 860 2072 ΡΗ.
893 2032 983 2072 Iam
1009 2032 1104 2072 faxo
1130 2032 1246 2074 scies.
1272 2057 1328 2062 --

221 2096 301 2136 Do.
327 2095 454 2144 Perii,
479 2094 670 2136 obsecro!
698 2102 783 2134 tam
808 2094 1025 2134 infandum
1052 2095 1227 2144 facinus,
1254 2096 1347 2136 mea
1366 2105 1423 2145 tu,
1450 2111 1501 2138 ne

785 2156 926 2197 audiui
951 2157 1132 2211 quidem.

127 2225 193 2259 665
217 2220 293 2261 Py.
326 2221 385 2260 At
410 2219 477 2274 pol
503 2234 582 2274 ego
609 2220 814 2260 amatores
842 2219 1053 2261 audieram
1079 2219 1296 2261 mulierum
1318 2235 1409 2262 esse
1433 2236 1503 2263 eos

785 2283 1017 2332 mzixumos,

333 2344 417 2385 Sed
449 2345 504 2384 nil
536 2352 700 2399 potesse
711 2360 721 2394 ;
752 2345 899 2385 uerum
930 2345 1103 2386 miserae
1134 2345 1216 2386 non
1248 2345 1289 2386 in
1321 2354 1501 2388 mentem

781 2408 971 2457 ue'nerat3

331 2470 439 2511 Nam
477 2470 591 2510 illum
632 2470 771 2524 aliquo
810 2471 1104 2510 ‹zonclusissem
1136 2484 1271 2523 neque
1303 2470 1359 2511 illi
1392 2471 1500 2511 eom-
1520 2483 1552 2509 25

780 2533 982 2573 misissem
1009 2533 1228 2588 uirginem.
