1700 2984
277 162 358 206 130
780 172 1049 209 EVNVCHVS
1516 177 1582 221 IV,
1598 176 1621 211 4

387 253 526 307 Quem
558 254 699 296 secum
730 253 904 295 adduxit
927 254 1149 297 Parmeno.
1208 256 1287 297 ΡΗ.
1326 257 1422 312 Age
1452 257 1553 298 dum

834 315 912 357 hoc
937 317 994 357 mi
1018 317 1170 372 expedi

182 379 248 414 695
383 377 592 419 Primum:
624 378 746 419 istam
771 392 896 432 quam
922 378 1050 421 habes
1076 380 1185 422 unde
1210 379 1340 422 habes
1367 379 1552 421 uestem?

832 440 970 482 taces?

381 500 621 542 Monstrum
658 501 856 551 hominis,
893 516 976 543 non
1013 503 1237 544 dicturu's?
1300 503 1386 546 Do.
1424 504 1553 547 Venit

832 562 1040 606 Chaerea:

267 623 344 666 ΡΗ.
375 624 602 666 Fraterne?
650 625 732 668 Do.
770 626 847 667 Ita.
901 627 979 667 ΡΗ.
1017 626 1224 680 Quando?
1276 627 1360 670 Do.
1396 628 1549 669 Hodie.
1569 639 1601 664 80

829 689 906 729 ΡΗ.
929 688 1069 741 Quam
1090 689 1272 730 dudum?
1302 689 1385 730 Do.
1405 690 1550 731 Modo.

266 748 345 789 ΡΗ.
378 747 588 801 Quicum?
612 749 695 791 Do.
718 749 828 791 Cum
843 750 1120 792 Parmenone.
1147 751 1224 792 ΡΗ.
1245 751 1436 793 Norasne
1455 753 1551 793 eum

829 812 969 867 prius?

267 871 351 914 Do.
377 872 486 914 Non.
520 871 619 929 [nec
649 874 741 927 quis
773 883 879 916 esset
912 889 1111 929 umquam
1144 874 1357 916 audieram
1388 874 1546 931 dicier]

175 939 242 974 700
511 935 589 976 ΡΗ.
608 923 732 978 Vnde
749 935 913 993 [igitur]
936 937 1106 978 fratrem
1126 939 1265 978 meum
1284 953 1373 980 esse
1388 938 1549 980 scibas?

825 999 910 1040 Do.
941 999 1151 1040 Parmeno

378 1059 560 1101 Dicebat
587 1076 682 1102 eum
709 1076 809 1104 esse.
859 1062 893 1102 is
919 1061 1019 1101 mihi
1045 1061 1157 1103 dedit
1183 1061 1303 1104 hanc.
1351 1062 1429 1103 Pu.
1463 1048 1549 1104 Oc-

829 1123 922 1164 cidi.

263 1182 347 1225 DO.
373 1183 517 1225 Meam
542 1184 631 1240 ipse
654 1185 807 1226 induit:
834 1193 925 1240 post
950 1186 1034 1226 una
1060 1185 1182 1226 ambo
1208 1186 1399 1227 abierunt
1424 1186 1546 1230 foras.

263 1246 339 1286 ΡΥ.
371 1246 462 1286 Iam
489 1247 587 1288 satis
614 1247 746 1289 credis
772 1248 952 1288 sobriam
979 1262 1071 1288 esse
1095 1262 1162 1288 me
1186 1249 1227 1288 et
1250 1249 1307 1289 nil
1333 1249 1547 1290 mentitam
1565 1260 1599 1286 35

826 1309 925 1350 tibi?

375 1369 466 1411 Iam
480 1370 578 1411 satis
593 1378 790 1412 certumst
805 1370 1009 1426 uirginem
1025 1371 1214 1412 uitiatam
1229 1373 1342 1414 esse?
1361 1372 1440 1414 ΡΗ.
1450 1374 1546 1429 Age

827 1448 951 1482 nunc,
979 1431 1116 1474 belua.

173 1499 239 1533 705
376 1495 524 1537 Credis
551 1496 647 1538 huic
670 1496 785 1551 quod
810 1496 943 1537 dicat?
1001 1496 1078 1536 ΡΥ.
1116 1495 1231 1548 Quid
1261 1496 1328 1537 isti
1355 1497 1546 1538 cre'dam?

825 1574 890 1600 res
914 1559 1004 1614 ipsa
1027 1558 1196 1599 indicat.

262 1620 339 1662 ΡΗ.
373 1619 570 1663 Concede
594 1621 701 1662 istuc
726 1622 962 1676 paululum:
989 1621 1140 1662 audin?
1165 1621 1288 1662 etiam
1307 1635 1418 1662 nunc
1442 1637 1545 1677 pau-

825 1684 931 1725 lum:
964 1691 1029 1725 sat
1053 1692 1127 1725 est.

373 1745 457 1787 Dic
483 1746 583 1787 dum
607 1745 685 1787 hoc
710 1761 894 1787 rursum:
929 1744 1119 1788 Chaerea
1149 1753 1264 1787 tuam
1289 1748 1448 1787 ue'stem
1473 1746 1545 1788 de-

825 1810 949 1849 traxit
973 1808 1072 1849 tibi?

261 1870 345 1912 Do.
371 1870 560 1912 Factum.
619 1870 697 1911 ΡΗ.
735 1869 790 1911 Et
817 1878 948 1913 eamst
978 1871 1173 1912 indutus?
1231 1870 1315 1912 Do.
1352 1872 1541 1912 Factum.
1561 1884 1595 1908 40

823 1933 901 1973 PH.
939 1932 995 1974 Et
1019 1935 1093 1988 pro
1120 1942 1160 1974 te
1191 1933 1272 1974 huc
1296 1933 1543 1974 deductust‘?

825 1995 909 2036 Do.
949 1996 1025 2036 Ita.

260 2056 340 2099 ΡΗ.
371 2057 558 2113 Iuppiter
588 2072 754 2113 magne,
785 2057 809 2098 ό
839 2057 1059 2098 scelestum
1090 2066 1213 2112 atque
1244 2058 1444 2099 audacem
1470 2057 1543 2099 ho-

824 2120 997 2160 minem!
1051 2120 1128 2161 ΡΥ.
1160 2121 1251 2162 Vae
1277 2120 1395 2161 mihi:

171 2187 238 2221 710
372 2171 514 2224 Etiam
537 2197 622 2223 non
647 2181 785 2224 credds
810 2182 991 2238 indignis
1017 2183 1090 2223 nos
1111 2198 1200 2224 esse
1220 2183 1367 2223 inrisas
1385 2182 1544 2223 modis?

262 2245 340 2287 ΡΗ.
372 2245 532 2286 Mirum
562 2245 606 2285 ni
637 2252 681 2285 tu
713 2244 846 2285 credis
878 2244 990 2298 quod
1024 2245 1101 2286 iste
1127 2245 1247 2287 dicat.
1297 2245 1397 2298 quid
1421 2260 1544 2299 agam

828 2307 983 2348 nescio.>

374 2370 493 2411 Heus
518 2377 670 2424 negato
694 2370 871 2410 rursum.
920 2384 1144 2424 possumne
1177 2371 1255 2425 ego
1281 2369 1402 2411 hodie
1427 2384 1476 2410 ex
1503 2376 1544 2410 te

827 2431 1047 2487 exculpere

375 2495 560 2538 Verum?
585 2493 780 2535 uidistine
805 2495 973 2535 fratrem
1002 2493 1260 2535 Chaeream?
1319 2494 1402 2535 Do.
1433 2493 1542 2534 Non.
1562 2506 1595 2530 45

823 2556 902 2597 ΡΗ.
934 2556 1026 2597 Non
1051 2565 1186 2611 potest

375 2618 476 2661 Sine
507 2618 616 2659 malo
648 2618 785 2666 fateri,
817 2619 957 2659 uideo:
990 2619 1161 2672 sequere
1193 2619 1282 2659 hac.
1332 2618 1455 2658 modo
1488 2624 1545 2658 a'it

825 2680 946 2721 modo
972 2689 1108 2735 negat.
