1700 2984
213 157 268 202 66
534 164 782 201 HEAVTON
807 163 1173 201 TIMORVMENOS
1474 165 1523 209 11,
1540 164 1561 199 3

327 247 442 301 Quid
456 247 568 290 aliud
582 246 657 288 tibi
670 245 758 288 uis?
784 243 900 287 Cm'r.
921 244 1140 300 Siquidem
1159 245 1238 287 hoc
1253 245 1308 287 fit.
1337 243 1406 288 ΞΥ.
1430 245 1494 288 Ξί-
1512 258 1546 282 ⁹0

774 307 968 361 quidem?
999 308 1256 363 experiundd
1282 308 1399 350 scies.

217 372 331 415 Cnrr.
358 360 455 428 Age
486 387 578 427 age,
616 370 718 412 cedo
754 369 862 411 istuc
896 371 1011 411 tuem
1048 370 1281 411 eonsilium:
1319 370 1419 424 quid
1453 369 1495 411 id

779 431 865 473 est?
913 431 984 474 ΞΥ.
1023 432 1383 474 Adsimulabimus
1520 478 1524 483 .

326 496 463 538 Tuam
483 495 658 537 amicam
677 494 800 535 huius
824 495 914 536 esse
934 494 1121 536 amicam.
1155 492 1269 536 Cm'r.
1295 494 1494 536 Pulchre:

776 556 877 610 quid
906 556 1029 598 faciet
1053 556 1154 598 sua?

326 608 398 663 An
428 635 478 662 ea
507 633 676 674 quoque
707 619 866 660 dicetur
897 618 1031 667 huius,
1064 619 1098 660 si
1127 619 1211 660 una
1239 618 1343 661 haec
1373 619 1496 660 dede-

780 682 903 722 corist
927 680 1100 735 parum?

125 750 191 785 335
217 744 286 788 ΞΥ.
325 732 460 786 Ῐηπηο
480 743 533 785 ad
552 751 665 784 tuam
684 751 858 785 matrem
877 743 1119 785 abducetur.
1159 741 1273 785 me.
1295 742 1408 794 Quid
1428 742 1496 784 eo?

777 804 848 848 ΞΥ.
881 805 1131 860 Longumst‚
1160 803 1358 859 Clitipho,

331 869 379 912 Si
415 868 489 910 tibi
525 882 702 917 narrem,
739 881 864 921 quam
901 867 954 908 db
989 882 1076 908 rem
1112 867 1156 907 id
1190 867 1360 908 faciam:
1400 868 1498 908 uera
1516 878 1549 905 9⁵

778 937 954 970 causast.
1005 927 1121 971 Cm.
1152 929 1360 971 Fabulae:

327 994 398 1036 Nil
423 993 521 1035 satis
546 992 652 1034 firmi
677 992 814 1041 uideo,
839 1006 964 1045 quam
990 992 1043 1033 ὀὶ)
1068 1007 1155 1033 rem
1176 993 1362 1047 accipere
1387 991 1498 1034 hunc

780 1054 836 1095 mi
861 1054 1055 1109 expediat
1078 1063 1248 1096 metum.

218 1117 290 1162 ΞΥ.
326 1118 468 1167 Mane,
505 1117 639 1159 habeo
672 1117 797 1166 aliud,
834 1116 869 1157 si
898 1118 1005 1158 istuc
1035 1117 1198 1165 metuis,
1234 1117 1357 1159 ambo
1388 1116 1499 1170 quod

771 1179 995 1234 fateamini

331 1242 432 1286 Sine
473 1242 628 1298 periclo
674 1257 777 1284 esse.
838 1240 951 1282 Cer.
1000 1241 1138 1282 Huius
1180 1241 1292 1281 modi
1329 1241 1500 1283 obsecro

782 1303 939 1357 aliquid
969 1304 1115 1359 reperi.
1172 1302 1242 1345 ΞΥ.
1278 1304 1498 1346 Maxume:

126 1379 195 1414 340
331 1367 410 1409 Ibo
447 1367 615 1409 6buiam
657 1367 762 1415 hnic,
800 1365 936 1406 dicam
972 1366 1018 1419 ut
1053 1366 1286 1407 reuortatur
1317 1366 1498 1408 domum.

781 1425 896 1468 Cm.
929 1427 1054 1473 Hem,

331 1489 446 1543 Quid
467 1489 594 1530 dixti?
632 1488 703 1531 ΞΥ.
730 1488 990 1543 Ademptum
1014 1488 1087 1528 tibi
1109 1488 1190 1528 iam
1213 1488 1310 1529 faxo
1336 1490 1501 1530 omnem
1521 1502 1569 1528 100

783 1560 952 1600 metum,

332 1616 383 1657 In
409 1616 550 1657 aurem
576 1615 777 1656 utramuis
802 1614 932 1655 (Stiose
958 1622 1002 1654 ut
1027 1613 1220 1655 ddrmias.

221 1676 336 1720 Cnrr.
365 1676 482 1730 Quid
505 1679 585 1733 ago
613 1677 748 1718 nune?
791 1674 908 1717 ΟΜΝ.
945 1675 1092 1716 Tune?
1128 1675 1240 1729 qued
1265 1675 1362 1717 boni
1389 1675 1501 1717 CL1T.

782 1737 906 1793 Syre!
945 1737 1010 1778 dio
1034 1736 1171 1778 modo.

224 1804 285 1846 Sr.
334 1804 492 1845 Verum
541 1804 624 1858 age
678 1801 819 1842 modo:
866 1799 988 1841 hodie
1029 1802 1120 1841 sero
1156 1813 1204 1840 ac
1242 1797 1493 1851 nequiquam

782 1861 911 1902 uoles.

130 1925 197 1960 345
222 1924 338 1967 ΟΜΝ.
368 1924 520 1973 Datur,
547 1923 685 1963 fruare
711 1922 809 1962 dum
834 1922 947 1970 licet3
974 1937 1069 1962 nam
1095 1921 1268 1970 nescias,

223 1986 337 2030 Cm'r.
366 1986 472 2042 Syre
513 1984 701 2039 inquam!
763 1983 833 2027 ΞΥ.
877 1984 1037 2039 Perge:
1086 1985 1208 2038 perro
1249 1992 1389 2026 tamen
1427 2016 1436 2026 .
1474 1983 1573 2026 .!105

784 2046 891 2087 istuc
916 2061 1008 2101 ago.

222 2110 340 2153 ΟΜΝ.
368 2110 472 2151 Eius
499 2112 549 2151 sit
574 2117 759 2165 potestas
783 2108 958 2163 pesthac
983 2124 1035 2149 an
1060 2110 1288 2161 numquam
1313 2108 1399 2149 tibi.

223 2172 339 2214 Cer.
367 2173 528 2214 Verum
564 2171 701 2212 hercle
737 2170 844 2211 istuc
881 2177 953 2212 est.
1015 2168 1140 2224 Syre,
1179 2168 1285 2224 Syre
1320 2169 1504 2224 inquam,

785 2231 888 2273 heus
914 2231 1029 2280 heus,
1057 2229 1181 2285 Syre!

223 2294 292 2337 ΞΥ.
331 2293 564 2337 Conealuit.
585 2293 686 2348 quid
699 2293 787 2335 uis?
813 2291 927 2334 Cm'r.
950 2292 1072 2341 Redi,
1093 2291 1199 2333 redi!
1228 2290 1297 2334 ΞΥ.
1320 2292 1504 2335 Adsum:

789 2355 854 2396 dio
877 2355 979 2408 quid
1004 2354 1090 2396 est?

130 2426 196 2460 350
333 2419 421 2461 Iam
444 2420 521 2461 hoc
542 2420 708 2473 queque
727 2418 901 2473 negabis
924 2417 997 2458 tibi
1017 2417 1191 2472 placere.
1220 2415 1333 2458 CmT.
1358 2417 1504 2468 Immci,

789 2478 908 2533 Syre,

332 2542 389 2584 Et
429 2558 495 2585 me
537 2544 577 2584 et
619 2557 758 2584 meum
804 2555 987 2582 amorem
1030 2547 1070 2582 et
1112 2540 1267 2581 famam
1311 2541 1573 2596 permitt6110

786 2604 873 2645 tibi.

333 2669 400 2710 Tu
426 2684 467 2711 es
494 2668 637 2710 iudex:
665 2683 716 2710 ne
742 2667 841 2723 quid
868 2665 1126 2709 accusandus
1154 2667 1208 2707 sis
1234 2665 1341 2707 uide.
