1700 2984
174 135 254 177 120
676 145 945 183 EVNVCHVS
1293 119 1295 122 ¹
1409 148 1478 193 111,
1494 148 1516 182 2

169 225 246 266 PA.
279 226 413 269 Video
438 228 479 268 et
503 242 569 268 me
595 228 745 268 taedet.
793 227 865 268 ubi
890 227 968 277 uis,
993 228 1103 269 dona
1127 228 1277 269 adsunt
1303 228 1378 269 tibi

79 291 146 325 465
281 288 323 328 A
347 288 569 330 Phaedria.
619 289 724 330 THR.
752 288 867 341 Quid
893 291 1074 332 stamus?
1109 305 1213 344 quor
1237 305 1320 331 non
1344 292 1451 331 imus

732 351 852 392 hinc?

167 411 245 452 PA.
277 411 448 464 Quaeso
475 413 611 455 hercle
636 420 682 454 ut
705 413 841 463 liceat,
866 417 969 469 pace
995 414 1107 468 quod
1131 415 1202 455 fiat
1227 422 1311 463 tua,

282 474 396 516 Dare
421 475 516 516 huic
541 490 649 529 quae
674 476 883 525 uolumus,
910 477 1131 518 conuenire
1157 484 1196 517 et
1222 476 1429 530 conloqui.

168 535 271 578 Tun.
286 536 544 592 Perpulchra
569 538 693 579 credo
718 538 828 579 dona
852 547 924 580 aut
948 539 1077 580 nostri
1102 538 1263 579 similia.
1470 550 1502 576 15

168 598 245 639 PA.
278 599 361 640 Res
386 600 596 642 indicabit.
646 600 748 642 heus
773 600 913 643 iubete
937 601 1037 642 istos
1063 601 1174 642 foras

77 662 144 697 470
281 660 421 711 Exire,
448 676 552 715 quos
577 662 692 710 iussi,
720 663 847 704 ocius.
896 663 1075 718 procede
1101 671 1144 704 tu
1169 662 1269 704 huc:

279 723 347 764 Ex
372 724 638 779 Aethiopiast
663 725 796 779 usque
822 725 936 767 haec.
997 725 1101 766 TER.
1140 725 1223 766 Hic
1249 732 1341 765 sunt
1368 726 1450 766 tres

554 836 561 847 Ι
730 787 878 829 minae.

168 846 249 889 GN.
284 848 380 890 Vix.
428 848 505 889 ΡΑ.
533 849 617 890 Vbi
644 856 687 890 tu
714 864 769 897 es,
795 850 936 891 Dore?
972 850 1123 891 acce'de
1148 849 1242 891 huc.
1287 863 1350 891 em
1379 864 1450 890 cu-

729 912 913 953 nuclu'nn
938 912 1026 960 tibi,

280 972 419 1025 Quam
444 973 604 1014 liberali
630 974 748 1022 facie,
776 989 899 1027 quam
926 982 1060 1015 aetate
1086 973 1267 1027 integra!
1469 985 1501 1010 20

166 1034 244 1075 ΤΗ.
276 1036 341 1076 Ita
371 1037 437 1076 me'
476 1036 517 1076 di
554 1045 710 1085 ament,
748 1035 976 1077 honestust.
1035 1036 1113 1076 PA.
1153 1035 1267 1087 Quid
1298 1043 1342 1076 tu
1373 1030 1448 1085 εἷς,

729 1097 926 1139 Gnatho?

75 1161 142 1196 475
278 1160 392 1201 Num
412 1160 513 1215 quid
533 1160 662 1202 habes
688 1161 801 1214 quod
821 1161 1085 1202 contemnas?
1110 1160 1211 1214 quid
1231 1169 1274 1201 tu
1295 1161 1448 1209 autem,

729 1223 916 1264 Thraso?

279 1284 456 1325 Tacent:
484 1284 582 1325 satis
607 1285 790 1325 laudant.
838 1285 904 1326 fac
928 1284 1130 1340 periclum
1154 1285 1197 1325 in
1221 1285 1380 1333 litteris,

277 1346 364 1387 Fac
387 1348 429 1387 in
454 1346 674 1401 palaestra,
700 1347 743 1387 in
768 1347 953 1388 musicis:
986 1361 1093 1400 quae
1118 1347 1295 1388 liberum

281 1407 397 1450 Scire
423 1410 640 1462 aequomst
665 1409 988 1458 adulescentem,
1014 1409 1221 1451 ‘sollertem
1247 1409 1368 1450 dabo.
1467 1422 1500 1447 25

166 1470 269 1512 THR.
285 1470 380 1526 Ego
404 1471 521 1512 illum
540 1471 791 1519 eunuchum,
818 1473 851 1512 si
876 1486 980 1526 opus
1006 1471 1071 1520 sit,
1097 1471 1164 1512 uel
1191 1471 1354 1513 sobrius
1375 1503 1385 1513 .
1412 1470 1446 1513 ,Ξ

75 1541 143 1576 480
166 1532 244 1573 ΡΑ.
275 1535 419 1586 Atque
443 1532 546 1574 haec
571 1533 641 1586 qui
665 1533 789 1582 misit,
815 1534 896 1574 non
922 1533 999 1574 sibi
1025 1533 1101 1575 soli
1126 1533 1309 1588 postulat

278 1595 340 1637 Te
366 1597 509 1638 uiuere
535 1603 573 1637 et
600 1611 676 1637 sua
700 1597 825 1637 causa
850 1596 1015 1637 excludi
1040 1597 1211 1646 ceteros,

277 1658 425 1711 Neque
450 1659 613 1713 pugnas
638 1666 777 1699 narrat
803 1660 938 1712 neque
964 1658 1175 1699 cicatrices
1201 1674 1296 1699 suas

278 1718 475 1761 Ostentat
498 1734 634 1774 neque
659 1720 733 1761 tibi
759 1720 909 1769 obstat,
935 1721 1047 1774 quod
1072 1720 1242 1774 quidem
1267 1722 1384 1770 facit3
1465 1734 1498 1759 30

278 1783 437 1824 Verum
461 1782 535 1823 fibi
559 1783 780 1824 molestum
804 1784 887 1824 non
915 1783 1002 1831 erit,
1028 1783 1101 1824 ubi
1126 1784 1171 1823 tu
1195 1784 1323 1832 uoles,

76 1859 143 1894 485
278 1845 364 1888 Vbi
389 1846 553 1900 tempus
578 1845 653 1886 tibi
677 1845 766 1894 erit,
794 1847 857 1885 seit
882 1844 1020 1894 habet,
1048 1845 1081 1886 si
1106 1854 1195 1886 tum
1220 1846 1426 1901 recipitur.

166 1907 477 1962 T11R.Adp{u·et
503 1922 667 1948 seruom
692 1907 804 1947 hunc
829 1908 918 1948 esse
944 1907 1100 1947 domini
1125 1908 1318 1962 pauperis

279 1970 521 2023 Miserique.
561 1969 642 2011 GN.
664 1969 774 2010 Nam
794 1968 932 2010 hercle
951 1971 1073 2010 ne'mo
1092 1978 1245 2024 posset,
1267 1972 1327 2011 szit
1349 1971 1445 2021 scio,

280 2032 366 2085 Qui
390 2032 561 2074 habe'ret
585 2033 657 2086 qui
680 2034 844 2087 pararet
869 2032 1010 2081 alium,
1037 2032 1148 2073 hunc
1173 2033 1345 2087 perpeti.
1466 2047 1498 2071 35

166 2096 243 2137 ΡΑ.
275 2096 387 2137 Tace
430 2096 494 2145 tu,
538 2110 662 2149 quem
698 2109 776 2149 ego
821 2109 910 2136 esse
946 2095 1054 2135 infra
1097 2095 1279 2136 infumos
1316 2098 1447 2137 omnis

728 2164 829 2211 puto

75 2229 142 2264 490
278 2220 501 2269 Hominem
544 2235 641 2261 nam
677 2220 747 2274 qui
784 2219 992 2260 adsentari
1035 2219 1130 2260 huic
1167 2220 1350 2261 animum
1386 2220 1449 2262 in-

728 2282 908 2331 duxeris,

278 2346 315 2385 E
340 2345 506 2385 flz'tmma
530 2352 670 2400 petere
695 2347 735 2385 te'
761 2345 900 2385 cibum
926 2359 1046 2399 posse
1072 2344 1260 2386 arbitror.

165 2407 268 2448 Tun.
284 2408 429 2448 Iamne
452 2407 587 2448 imus?
622 2406 700 2449 ΤΗ.
721 2407 812 2447 Hos
838 2407 952 2461 prius
972 2408 1078 2447 intro
1100 2407 1250 2448 ducam
1276 2415 1313 2447 et
1339 2409 1446 2460 quae

727 2469 822 2509 uolo

278 2531 410 2573 Simul
435 2531 666 2585 imperabo:
692 2532 785 2586 post
811 2530 891 2571 huc
917 2530 1112 2572 continuo
1137 2533 1252 2573 exeo.
1462 2544 1496 2568 40

164 2594 267 2638 THR.
284 2593 379 2648 Ego
411 2592 506 2634 hinc
542 2593 666 2635 a'beo:
704 2603 749 2634 tu
779 2592 911 2633 istanc
946 2593 1146 2648 opperire.
1207 2592 1283 2635 ΡΑ.
1318 2593 1445 2634 Haud

727 2654 917 2697 conuenit
