1726 2984
228 143 281 187 26

134 245 202 279 415

225 296 285 340 SI.

224 421 295 463 DA

223 980 292 1021 DA

225 1105 285 1149 SI.

771 154 968 191 ANDmA
1432 157 1481 202 11,
1497 158 1528 193 5.
1546 157 1568 194 6

338 235 482 290 Ipsum
506 236 610 278 aideo
635 244 799 291 praesto
824 237 946 278 uideo
971 252 1066 279 cum
1091 238 1234 279 Dauo:
1261 237 1340 279 hcc
1365 253 1501 293 agam.

333 297 569 354 Vtrumque
607 300 751 341 adesse
786 299 920 341 uideo.
981 299 1064 342 DA.
1112 301 1208 351 Em,
1245 315 1379 342 serua.
1440 299 1501 343 S1.
1537 311 1554 338 5

785 361 1017 417 Pamphile.

299 454 307 463 .
339 421 473 475 Quasi
500 423 551 465 de
580 423 791 479 inprouiso
822 424 979 479 re'spice
1010 424 1063 466 ad
1088 439 1195 466 eum.
1243 424 1321 466 ΡΑ.
1354 424 1502 475 Ehem,

782 493 912 540 pater.

298 577 306 587 .
338 546 491 588 Probe.
540 546 599 589 SI.
636 547 775 589 Hddie
799 562 971 589 uxorem
997 548 1138 598 ducas,
1165 556 1210 589 ut
1235 548 1333 597 dixi,
1359 549 1467 590 uolo.

293 640 302 649 .
339 608 462 650 Nunc
486 610 652 650 ndstrae
677 610 802 651 timeo
827 610 946 664 parti,
971 610 1072 664 quid
1096 610 1163 651 hic
1187 611 1447 665 respdndeat.

292 703 300 711 .
332 670 479 725 Neque
513 671 604 712 istic
639 685 775 725 neque
806 671 903 713 alibi
940 672 1014 713 tibi
1046 672 1121 713 erit
1152 687 1329 726 usquam
1359 673 1400 713 in
1436 674 1501 714 mc

783 748 911 776 mora.
959 734 1036 775 ΒΥ.
1075 735 1198 776 Hem.

298 825 307 835 .
339 792 576 836 Obmutuit.
647 796 725 838 ΒΥ.
770 795 886 848 Quid
921 796 1048 837 dixit?
1120 796 1179 838 S1.
1221 796 1344 838 Facis
1381 805 1426 838 ut
1461 797 1501 838 te
1521 807 1553 833 10

786 859 917 908 decet,

337 918 478 971 Quom
503 919 610 960 istuc
634 920 747 974 quod
775 921 939 975 postulo
964 922 1140 975 impetro
1166 935 1259 962 cum
1287 920 1431 975 gratia.

297 1013 306 1022 .
339 980 445 1023 Sum
480 983 630 1023 uerus?
683 983 759 1023 ΒΥ.
804 982 927 1032 Erus,
964 991 1166 1037 quantum
1202 983 1338 1032 audio,
1376 996 1504 1023 uxore

784 1045 950 1086 excidit.

334 1106 357 1147 I
381 1106 575 1147 nunciam
601 1107 719 1155 intro,
745 1123 796 1149 ne
820 1109 862 1148 in
888 1122 1015 1157 mora,
1041 1122 1167 1161 quom
1193 1122 1295 1162 opus
1322 1108 1385 1155 sit,
1411 1107 1503 1147 sies.

133 1176 200 1210 425
223 1169 301 1210 PA.
333 1168 411 1210 Εό.
466 1169 544 1210 ΒΥ.
586 1170 768 1211 Nullane
804 1170 846 1210 in
882 1185 925 1211 re
961 1172 1051 1212 esse
1086 1170 1312 1224 quoiquam
1350 1169 1505 1210 homini

134 1550 202 1585 430

226 1855 309 1896 DA.

228 1979 288 2022 SI.

135 2114 203 2149 435

785 1231 929 1273 fidem!

336 1295 494 1336 Verum
517 1293 621 1334 illud
646 1294 875 1343 uerbumst,
901 1294 1027 1349 udlgo
1053 1294 1165 1347 quod
1190 1294 1271 1334 dici
1295 1294 1412 1343 solet,
1523 1304 1556 1330 1⁵

337 1354 488 1396 Omnis
514 1355 592 1396 sibi
617 1356 739 1398 malle
764 1356 912 1397 melius
937 1371 1027 1398 esse
1052 1370 1178 1409 quam
1203 1357 1335 1398 Alteri,

335 1417 430 1473 Ego
454 1418 566 1458 illam
590 1418 697 1459 uidi:
722 1419 929 1473 uirginem
953 1418 1087 1459 format
1111 1418 1219 1459 bona

336 1480 515 1520 Memini
538 1480 688 1521 uideri:
714 1494 797 1534 quo
824 1481 993 1534 aequior
1018 1496 1110 1521 sum
1136 1480 1371 1535 Pamphilo,

339 1542 386 1584 Si
411 1544 454 1582 sel
479 1543 592 1583 illam
617 1542 657 1583 in
679 1543 832 1584 somnis
851 1557 977 1596 quam
1001 1543 1118 1584 illum
1139 1542 1337 1597 amplecti
1351 1541 1506 1584 maluit.

338 1605 617 1654 Reminfiabo,
648 1613 694 1646 ut
717 1619 792 1660 pro
817 1605 896 1647 hdo
920 1605 1029 1647 malo
1054 1604 1155 1646 mihi
1183 1605 1252 1646 det
1281 1605 1449 1646 malum.
1525 1616 1559 1642 20

658 1728 699 1770 D
714 1743 740 1770 A
752 1744 779 1771 v
792 1744 816 1771 o
830 1744 851 1771 s
938 1729 969 1772 S
984 1745 999 1770 1
1011 1745 1041 1770 M
1054 1745 1078 1772 0

677 1801 824 1827 SERVOS
943 1801 1069 1828 SENEX

342 1854 425 1895 Hic
450 1855 561 1896 nunc
586 1870 651 1896 me
677 1854 807 1896 credit
830 1854 1013 1908 &liquam
1038 1855 1117 1896 sibi
1142 1855 1348 1896 fallaciam
1520 1865 1577 1898 11,6

338 1917 514 1958 Portare
540 1927 579 1958 et
606 1932 654 1958 ea
678 1931 744 1957 me
769 1916 835 1957 hic
860 1917 1056 1958 restitisse
1081 1917 1226 1972 gratia.

338 1979 452 2032 Quid
482 1979 630 2020 Daiuos
660 1980 824 2020 narrat?
863 1981 993 2033 acque
1025 1980 1247 2033 quicquam
1278 1980 1388 2020 nunc
1418 1979 1508 2033 qui-

790 2041 909 2083 dem?

339 2105 487 2146 Nilne?
512 2104 618 2145 helin.
656 2104 739 2145 DA.
766 2104 835 2145 Nil
861 2118 1042 2158 prorsus.
1081 2104 1140 2145 S1.
1166 2091 1299 2157 Atqui
1319 2112 1510 2159 expecta-

791 2166 887 2206 bz'un
912 2166 1094 2219 quidem.

228 2231 310 2271 DA.
342 2230 516 2271 Praete'r
557 2244 672 2285 spem
715 2229 871 2278 euenit,
915 2229 1066 2269 sentio:
1117 2229 1195 2270 hoc
1236 2229 1344 2270 male
1386 2229 1511 2270 habet
1546 2240 1563 2266 5

229 2355 289 2397 Sx.

230 2417 289 2460 S1.

792 2291 942 2331 uirum.

338 2354 462 2395 Potin
489 2355 532 2395 c's
558 2353 657 2394 mihi
682 2369 828 2395 uerum
854 2354 1015 2394 dicere?
1063 2353 1146 2394 DA.
1183 2353 1254 2394 Nil
1279 2353 1454 2394 facilius.

338 2417 453 2458 Num
478 2417 536 2457 illi
560 2416 757 2457 molestae
783 2416 996 2470 quidpiam
1023 2415 1125 2456 haec
1151 2425 1245 2456 sunt
1270 2416 1438 2470 nuptiae

344 2480 447 2520 Eius
474 2480 643 2534 prdpter
669 2478 1010 2519 consuetudinem
1036 2478 1206 2519 huiusce
1231 2478 1446 2532 hcspitac?

138 2553 206 2587 440
231 2543 312 2583 DA.
345 2542 414 2582 Nil
440 2542 597 2590 hercle3
625 2550 708 2589 aut,
735 2540 767 2581 si
793 2540 909 2587 adeo,
936 2540 1091 2580 biduist
1116 2548 1186 2581 aut
1213 2540 1336 2581 tridui

343 2604 462 2644 Haec
488 2603 740 2644 sdllicitudo:
772 2603 903 2643 misti?
935 2602 1084 2643 deinde
1109 2602 1281 2643 desinet.
1532 2613 1564 2638 10

342 2666 508 2707 Etenim
534 2668 648 2720 ipsus
675 2679 816 2706 secum
843 2667 933 2706 ezim
960 2680 1046 2705 rem
1073 2667 1281 2720 reputauit
1307 2664 1387 2705 uia.
