1700 2984
270 191 350 234 154
796 202 1027 237 PHORMIO
1545 203 1573 248 1,
1589 203 1612 237 2

376 283 591 338 Rogamus
617 282 717 336 quid
742 283 805 324 sit.
856 283 1102 337 ‘numquam
1129 282 1280 337 aeque’
1313 282 1447 338 inquit
1477 286 1545 326 ‘ac

824 345 949 386 modo

373 407 607 462 Paupertas
626 406 727 447 mihi
746 421 850 447 onus
869 408 1046 448 uisumst
1065 415 1106 448 et
1126 407 1323 449 miserum
1343 408 1384 449 e't
1401 422 1543 463 graue.

194 472 239 506 95
373 469 505 510 Modo
531 469 741 522 quandam
772 468 859 509 uidi
884 469 1089 524 uirginem
1114 469 1180 510 hie
1205 469 1382 511 uiciniae
1561 481 1596 507 45

374 530 577 572 Miseram
603 546 720 571 suam
747 538 924 571 matrem
948 531 1164 573 lAmentari
1189 533 1408 572 mo'rtuam.

372 592 438 634 Ea
463 594 539 633 sita
564 600 651 634 erat
676 592 969 642 exaduersum,
994 607 1128 646 neque
1154 593 1210 634 illi
1236 593 1455 634 beniuolus

372 655 520 708 Neque
537 655 657 695 n<5tus
677 669 813 708 neque
834 657 1035 709 cognatus
1056 663 1172 695 extra
1192 670 1317 696 unam
1337 655 1544 696 aniculam

373 716 608 770 Quisquam
628 716 783 765 aderat,
797 717 869 770 qui
888 717 1091 757 adiutaret
1106 717 1249 757 funus:
1265 718 1543 758 miseritumst.

169 783 235 817 100
371 779 505 833 Virgo
529 780 620 833 ipsa
644 778 751 820 faeie
777 779 974 834 egregia?
1023 779 1122 832 quid
1148 779 1286 840 uerbis
1313 782 1460 833 opust?
1562 791 1596 817 50

374 840 614 881 Commorat
640 841 774 881 omnis
799 841 884 881 nos.
935 840 992 882 ibi
1019 841 1215 881 continuo
1241 841 1431 895 Antipho

371 903 582 945 ‘Voltisne
607 918 750 944 eamus
776 903 952 944 uisere?'
980 902 1085 943 alius
1112 905 1301 943 ‘oenseoz

372 964 550 1005 Eamus:
577 965 658 1006 due
682 980 757 1006 nos
784 965 932 1006 sodes.’
981 965 1102 1012 imus,
1128 965 1335 1013 uenimus,

370 1027 588 1069 Videmus.
637 1027 758 1081 uirgo
784 1026 969 1082 pulchra,
996 1035 1035 1068 et
1060 1041 1142 1080 quo
1168 1027 1301 1082 magis
1328 1027 1498 1076 diceres,

167 1100 233 1133 105
369 1089 440 1129 Nil
465 1089 609 1130 aderat
634 1089 861 1129 adiumenti
887 1088 940 1129 ad
965 1089 1335 1143 pulchritudinem:
1562 1099 1595 1126 55

371 1150 560 1206 Capillus
586 1167 747 1206 passus,
773 1151 909 1192 nudus
934 1166 1021 1206 pes,
1046 1151 1137 1206 ipsa
1161 1151 1340 1199 horrida,

370 1213 621 1262 Laerumae,
647 1213 824 1254 uestitus
850 1213 1000 1268 turpis:
1030 1222 1088 1262 ut,
1115 1213 1157 1253 ni
1182 1215 1246 1254 uis
1271 1213 1368 1254 boni

370 1277 420 1316 In
444 1277 536 1331 ipsa
560 1276 714 1318 inesset
738 1276 884 1323 forma,
910 1276 1014 1316 haee
1039 1276 1214 1316 formam
1242 1278 1542 1331 extinguerent.

368 1339 445 1380 Ille
470 1338 540 1392 qui
564 1338 678 1379 illam
704 1339 872 1379 amabat
897 1338 1123 1387 fidicinam,
1149 1340 1309 1379 tantum
1336 1339 1459 1379 modo

167 1411 234 1446 110
370 1400 520 1442 ‘Satis’
552 1401 688 1454 inquit
724 1400 926 1450 ‘scitast'3
964 1401 1103 1442 noster
1138 1415 1238 1441 uero
1266 1435 1273 1443 .
1301 1433 1310 1441 .
1338 1401 1421 1442 DA.
1454 1402 1542 1442 Iam
1561 1414 1594 1439 60

824 1463 926 1504 scio:

368 1526 527 1567 Amare
553 1525 699 1580 eoepit.
740 1524 820 1567 GE.
848 1525 948 1567 Scin
973 1526 1123 1579 quam?
1149 1540 1231 1579 quo
1257 1526 1406 1567 euadat
1433 1526 1540 1568 uide.

366 1587 575 1630 Postridie
603 1589 656 1629 ad
682 1603 809 1629 anum
833 1589 947 1629 re'eta
971 1588 1126 1643 pergit:
1154 1589 1356 1637 obsecrat,

368 1651 427 1693 Vt
452 1650 530 1691 sibi
555 1651 643 1692 eius
668 1650 794 1691 faeiat
819 1650 995 1705 copiam.
1045 1650 1114 1691 illa
1140 1651 1249 1692 enim
1275 1652 1318 1691 se
1343 1659 1470 1706 negat

367 1712 517 1766 Neque
542 1728 637 1754 eum
663 1713 845 1773 aequom,
872 1719 927 1753 a'1't
952 1712 1108 1754 faeere:
1139 1713 1253 1754 illam
1285 1714 1418 1754 ciuem
1451 1729 1542 1755 esse

817 1774 1019 1824 Atticam,

166 1842 232 1877 115
368 1837 532 1878 Bonam
558 1836 676 1877 bonis
701 1838 968 1891 prognatam:
1001 1837 1033 1877 si
1059 1838 1231 1878 uxorem
1257 1837 1370 1886 uelit,
1560 1850 1593 1876 65

368 1899 488 1954 Lege
512 1899 556 1939 id
581 1899 705 1940 licere
729 1899 887 1948 faeere3
917 1899 980 1939 sin
1005 1899 1134 1948 aliter,
1160 1907 1298 1954 negat.

369 1962 522 2003 Noster
547 1961 648 2015 quid
673 1970 816 2016 ageret
840 1962 1018 2003 ne'seire:
1045 1969 1084 2003 et
1109 1962 1223 2003 illam
1249 1962 1400 2004 ducere

370 2023 582 2079 Cupiebat
608 2031 649 2065 et
673 2024 886 2065 metuebat
912 2024 1126 2066 absentem
1154 2033 1326 2079 patrem.

256 2087 339 2128 DA.
365 2087 475 2135 Non,
503 2088 537 2128 si
561 2086 748 2136 redisset,
775 2088 812 2128 ei
837 2094 954 2141 pater
978 2087 1144 2128 ueniam
1169 2087 1310 2128 daret?

166 2154 232 2188 120
257 2148 338 2190 Gn.
369 2149 445 2191 Ille
469 2149 700 2190 indotatam
723 2149 930 2204 uirginem
956 2157 1079 2202 atque
1105 2149 1332 2205 ignobilem
1559 2162 1592 2188 ἰο

368 2211 503 2254 Daret
548 2211 633 2252 illi?
685 2226 913 2265 numquam
961 2212 1129 2253 faceret.
1206 2212 1290 2253 DA.
1335 2210 1449 2264 Quid
1496 2212 1541 2254 fit

819 2274 1023 2327 denique?

258 2336 336 2378 GE.
370 2336 485 2388 Quid
507 2336 608 2378 fiat?
637 2343 699 2378 est
723 2338 927 2392 parasitus
952 2336 1122 2390 quidam
1147 2336 1360 2386 Phormio,

368 2401 508 2441 Homo
536 2399 767 2441 confidens:
797 2399 868 2452 qui
892 2399 1009 2439 illum
1035 2399 1076 2439 di
1102 2414 1244 2440 omnes
1270 2398 1482 2454 perduint!

257 2462 339 2503 DA.
367 2461 482 2513 Quid
517 2461 551 2503 is
588 2461 710 2504 fecit?
759 2460 838 2503 GE.
871 2462 966 2502 Hoc
1003 2461 1221 2502 consilium
1257 2462 1368 2516 quod
1405 2462 1539 2502 dietim

821 2523 951 2564 dedit:

166 2591 230 2626 1²25
369 2587 482 2629 ‘Lex
507 2588 569 2628 est
594 2595 639 2628 ut
665 2586 803 2635 orbae,
829 2587 901 2640 qui
940 2586 1023 2628 sint
1046 2601 1198 2641 genere
1223 2585 1430 2641 proxumi,
1557 2598 1590 2624 75

370 2650 444 2690 Eis
469 2650 642 2698 nubant,
669 2657 709 2690 et
733 2649 823 2690 illos
844 2649 994 2690 ducere
1020 2649 1164 2690 eadem
1191 2649 1293 2690 haee
1318 2650 1383 2689 lex
1410 2649 1536 2690 iubet.

368 2712 461 2768 Ego
488 2714 526 2753 te'
553 2720 777 2768 cognatum
803 2711 935 2752 dicam
964 2719 1003 2753 et
1028 2712 1102 2752 tibi
1128 2712 1305 2753 scribam
1332 2712 1485 2761 dica1n3
