1726 2984
142 170 211 214 111,
229 170 250 204 3

162 570 194 596 15

213 743 273 786 SI.

162 944 195 968 20
215 930 275 972 SI.

215 992 275 1035 SI.

216 1054 275 1097 SI.

217 1179 280 1221 SI.

165 1253 198 1278 25

166 1628 199 1652 30

219 1677 297 1719 Cn,

219 1864 266 1907 S1

220 1926 298 1968 CH.

167 2002 200 2026 35
219 1990 278 2032 S1.

167 2315 201 2339 40
220 2302 286 2344 Cn

220 2427 279 2469 S1.

222 2490 287 2531 Gn

221 2614 279 2656 SI.

754 164 824 201 AN
828 162 952 199 DRIA
1434 151 1486 192 31

322 250 505 291 Fuerant
529 247 706 296 futurae,
731 246 848 287 fiant.
910 244 988 286 CH.
1003 244 1104 292 Ah,
1129 258 1182 284 ne
1207 257 1273 284 me
1298 241 1488 284 obsecra:

324 311 457 363 Quasi
481 310 560 351 hoc
585 317 625 351 te
651 308 805 350 orando
831 324 855 349 a
877 323 943 349 me
966 309 1187 362 impetrare
1212 305 1410 359 oporteat.

324 373 468 415 Alium
504 374 594 413 esse
631 386 773 413 censes
808 371 919 411 nunc
953 384 1020 411 me
1056 376 1181 422 atque
1224 367 1322 408 olim
1363 367 1491 420 quom
1515 368 1581 402 545

771 432 950 473 dabam?

325 496 373 538 Si
396 496 438 537 in
463 497 590 537 remst
613 495 778 549 utrique
802 502 848 535 ut
872 494 991 543 fiant,
1017 494 1173 535 accersi
1196 491 1312 540 iube3

325 558 414 600 Sed
437 558 472 599 si
496 559 546 598 ex
571 572 620 598 ea
643 572 688 598 re
712 557 806 612 plus
830 556 970 597 malist
994 569 1120 609 quam
1145 552 1353 595 commodi

323 621 516 673 Vtrique,
541 619 583 660 id
609 635 677 674 690
702 627 743 661 te
768 632 840 659 oro
864 620 906 659 in
932 631 1152 659 commune
1176 624 1221 656 ut
1246 614 1453 663 consulas,

325 681 458 734 Quasi
482 682 553 722 illa
577 689 649 722 tua
674 681 724 722 sit
750 680 1046 735 Pamphilique
1071 693 1149 734 ego
1175 680 1252 719 sim
1279 684 1408 732 pater.

324 744 458 784 Immo
483 745 542 784 ita
567 743 663 784 uolo
687 744 828 797 itaque
853 743 1017 797 postulo
1042 749 1088 782 ut
1111 741 1196 789 fiat,
1221 738 1437 788 Chremes,
1520 746 1586 781 550

323 806 473 860 Neque
497 806 705 860 postulem
732 805 806 846 abs
831 812 885 854 te,
916 804 958 845 ni
982 805 1073 859 ipsa
1096 818 1162 845 res
1186 804 1365 843 moneat.
1415 799 1493 842 Cn.

776 865 892 919 Quid
917 866 1003 908 est?

322 930 415 971 Irae
434 937 530 972 sunt
547 931 654 972 inter
668 929 913 984 Glycerium
933 936 973 970 et
991 935 1177 983 gnatum.
1235 926 1314 968 Cn,
1339 926 1495 968 Audio.

324 993 390 1034 Ita
409 995 601 1048 magnae,
621 1000 667 1033 ut
686 1007 848 1047 sperem
867 992 992 1046 posse
1011 991 1147 1032 auelli.
1187 988 1265 1031 CH.
1290 989 1496 1030 Fabulae!

323 1055 519 1096 Profecto
545 1056 603 1096 sie
628 1062 701 1096 est.
763 1052 842 1095 CH.
883 1051 954 1095 Sic
978 1053 1117 1094 hercle
1141 1060 1186 1093 ut
1211 1052 1346 1093 dicam
1371 1052 1464 1092 tibi:

328 1117 576 1158 Amantium
601 1117 687 1158 irae
713 1117 864 1158 amoris
888 1115 1161 1170 integratiost.
1524 1126 1590 1159 555

329 1179 424 1229 Em,
456 1179 501 1220 id
525 1188 566 1221 te
591 1181 662 1220 oro
687 1188 733 1220 ut
758 1186 853 1220 ante
878 1180 1035 1227 eamus,
1067 1177 1165 1218 dum
1191 1178 1353 1232 tempus
1379 1177 1501 1218 datur

328 1241 529 1296 Dumque
556 1243 642 1284 eius
667 1241 810 1282 lubido
841 1240 1047 1282 occlusast
1071 1239 1346 1289 contumeliis,

328 1304 452 1345 Prius
477 1319 603 1358 quam
627 1304 776 1345 harum
803 1303 958 1345 scelera
989 1310 1030 1344 et
1058 1302 1268 1344 lacrumae
1301 1302 1499 1344 confictae

777 1366 880 1407 dolis

328 1429 580 1470 Redducunt
605 1429 790 1470 animum
816 1429 1035 1483 aegrotum
1060 1427 1113 1469 ad
1137 1427 1476 1477 misericerdiam,

328 1492 513 1533 onrem
541 1491 696 1532 demus.
757 1492 878 1546 spe'ro
904 1490 1202 1532 consuetudine
1232 1488 1307 1545 [et]
1526 1497 1592 1531 560

331 1552 539 1609 Coniugio
563 1553 723 1595 liberali
748 1553 1003 1602 deuinctum,
1030 1551 1247 1600 Chremes,

329 1615 441 1656 Dein
466 1615 589 1657 facile
614 1631 664 1657 ex
690 1615 770 1657 illis
796 1617 886 1657 sese
912 1616 1170 1657 emersurum
1195 1615 1326 1656 malis.

329 1678 426 1718 Tibi
450 1678 507 1719 ita
532 1678 611 1719 hoc
635 1678 821 1727 uidetur3
846 1680 889 1718 at
914 1692 993 1732 ego
1018 1692 1101 1719 non
1126 1692 1248 1732 posse
1273 1677 1462 1727 arbitror,

329 1740 478 1794 Neque
519 1740 636 1782 illum
678 1740 786 1782 hanc
828 1748 1029 1795 perpetuo
1074 1740 1228 1782 habere
1264 1754 1400 1794 neque
1436 1755 1502 1780 me

369 1812 375 1817 “
782 1802 954 1858 pe'rpeti.

327 1865 411 1917 Qui
438 1867 516 1906 scis
542 1880 641 1920 ergo
666 1866 785 1914 istuc,
812 1866 890 1906 nisi
915 1865 1118 1920 periclum
1143 1865 1316 1906 feceris?
1527 1872 1594 1907 565

331 1929 391 1968 At
415 1928 521 1969 istuc
544 1929 746 1983 periclum
771 1928 812 1969 in
837 1928 925 1969 filia
948 1928 1037 1969 fieri
1066 1935 1249 1982 grauest.

328 1991 489 2046 Nempe
512 1991 831 2032 incommoditas
857 1990 1038 2044 denique
1062 1990 1144 2031 huc
1170 1991 1302 2030 omnis
1327 1988 1446 2039 redit,

334 2053 586 2103 Siveueniat,
612 2054 724 2107 quod
748 2054 790 2094 di
814 2053 1075 2108 prohibeant,
1102 2053 1310 2094 discessio.

330 2117 390 2157 At
415 2118 450 2157 si
474 2117 706 2171 corrigitur,
732 2116 845 2170 quod
870 2116 1197 2164 commoditates,
1222 2115 1337 2156 uide:

331 2178 542 2233 Principio
568 2179 700 2220 amico
725 2179 860 2219 filium
884 2178 1123 2226 restitueris,
1528 2181 1595 2215 570

332 2241 429 2281 Tibi
454 2243 655 2296 generum
678 2241 845 2282 firmum
871 2249 911 2282 et
935 2241 1047 2281 filiae
1072 2240 1259 2281 inuenie's
1284 2239 1434 2280 uirum.

334 2302 450 2354 Quid
476 2303 593 2344 istic?
618 2304 651 2344 si
678 2304 734 2344 ita
760 2304 866 2344 istuc
893 2303 1079 2343 animum
1106 2301 1268 2342 induxti
1289 2316 1378 2342 esse
1398 2301 1497 2342 utile

333 2365 441 2406 Nolo
468 2365 541 2406 tibi
566 2366 698 2407 ullum
724 2366 990 2407 commodum
1015 2366 1057 2406 in
1082 2380 1147 2406 me
1174 2364 1368 2405 claudier.

328 2427 482 2469 Merito
508 2436 548 2469 te
574 2444 736 2483 semper
760 2428 944 2468 maxumi
969 2428 1063 2477 feci,
1090 2426 1305 2468 Chremes.

334 2489 420 2531 Sed
446 2491 546 2544 quid
571 2492 655 2532 a'i's?
703 2490 762 2533 S1.
790 2489 931 2542 Quid?
980 2489 1057 2531 Cn.
1085 2489 1171 2541 Qui
1197 2491 1276 2530 scis
1302 2504 1372 2531 eos
1393 2503 1504 2531 nunc
1529 2500 1595 2534 575

785 2553 1020 2594 discordare
1045 2553 1151 2593 inte'r
1176 2552 1244 2592 se?

330 2615 452 2670 Ipsus
484 2615 583 2656 mihi
609 2615 769 2665 Dauos,
802 2616 873 2669 qui
904 2618 1104 2656 intumust
1137 2615 1279 2655 eorum
1310 2615 1503 2665 consiliis,

783 2678 904 2726 dixit3
