<?xml version="1.0" encoding="UTF-8"?>
<!DOCTYPE html PUBLIC "-//W3C//DTD XHTML 1.0 Transitional//EN"
    "http://www.w3.org/TR/xhtml1/DTD/xhtml1-transitional.dtd">
<html xmlns="http://www.w3.org/1999/xhtml" xml:lang="en" lang="en">
 <head>
  <title>
</title>
<meta http-equiv="Content-Type" content="text/html;charset=utf-8" />
  <meta name='ocr-system' content='tesseract 3.04.00' />
  <meta name='ocr-capabilities' content='ocr_page ocr_carea ocr_par ocr_line ocrx_word'/>
</head>
<body>
  <div class='ocr_page' id='page_1' title='image "./pterentiafricomo00tereuoft/pterentiafricomo00tereuoft_0089.png"; bbox 0 0 1726 2984; ppageno 0'>
   <div class='ocr_carea' id='block_1_1' title="bbox 65 129 1403 184">
    <p class='ocr_par' dir='ltr' id='par_1_1' title="bbox 65 129 1403 184">
     <span class='ocr_line' id='line_1_1' title="bbox 65 129 1403 184; baseline -0.003 -10"><span class='ocrx_word' id='word_1_1' title='bbox 65 139 178 184; x_wconf 78' lang='lat' dir='ltr'>1v,4.</span> <span class='ocrx_word' id='word_1_2' title='bbox 198 141 219 175; x_wconf 88' lang='lat'>5</span> <span class='ocrx_word' id='word_1_3' title='bbox 674 138 870 173; x_wconf 71' lang='lat' dir='ltr'>ANDmA</span> <span class='ocrx_word' id='word_1_4' title='bbox 1352 129 1403 170; x_wconf 84' lang='lat'>41</span> 
     </span>
    </p>
   </div>
   <div class='ocr_carea' id='block_1_2' title="bbox 74 217 1500 1262">
    <p class='ocr_par' dir='ltr' id='par_1_2' title="bbox 74 217 1500 1262">
     <span class='ocr_line' id='line_1_2' title="bbox 80 217 1406 262; baseline -0.001 -1"><span class='ocrx_word' id='word_1_5' title='bbox 80 231 114 257; x_wconf 78' lang='lat'>45</span> <span class='ocrx_word' id='word_1_6' title='bbox 243 220 457 262; x_wconf 75' lang='lat' dir='ltr'>Ausculta.</span> <span class='ocrx_word' id='word_1_7' title='bbox 507 217 585 260; x_wconf 79' lang='lat' dir='ltr'>Cn.</span> <span class='ocrx_word' id='word_1_8' title='bbox 622 219 783 260; x_wconf 87' lang='lat' dir='ltr'>Audiui</span> <span class='ocrx_word' id='word_1_9' title='bbox 818 220 901 261; x_wconf 87' lang='lat' dir='ltr'>iam</span> <span class='ocrx_word' id='word_1_10' title='bbox 933 219 1082 261; x_wconf 82' lang='lat' dir='ltr'>omnia.</span> <span class='ocrx_word' id='word_1_11' title='bbox 1130 219 1214 260; x_wconf 69' lang='lat' dir='ltr'>DA.</span> <span class='ocrx_word' id='word_1_12' title='bbox 1254 219 1325 260; x_wconf 92' lang='lat' dir='ltr'>An</span> <span class='ocrx_word' id='word_1_13' title='bbox 1361 227 1406 260; x_wconf 91' lang='lat' dir='ltr'>tu</span> 
     </span>
     <span class='ocr_line' id='line_1_3' title="bbox 690 281 981 324; baseline 0 -2"><span class='ocrx_word' id='word_1_14' title='bbox 690 281 793 322; x_wconf 86' lang='lat' dir='ltr'>haec</span> <span class='ocrx_word' id='word_1_15' title='bbox 818 281 981 324; x_wconf 81' lang='lat' dir='ltr'>omnia?</span> 
     </span>
     <span class='ocr_line' id='line_1_4' title="bbox 132 343 1499 399; baseline -0.003 -13"><span class='ocrx_word' id='word_1_16' title='bbox 132 343 210 386; x_wconf 74' lang='lat' dir='ltr'>Cn.</span> <span class='ocrx_word' id='word_1_17' title='bbox 241 343 415 392; x_wconf 67' lang='lat' dir='ltr'>Audiui,</span> <span class='ocrx_word' id='word_1_18' title='bbox 445 343 629 397; x_wconf 89' lang='lat' dir='ltr'>inquam,</span> <span class='ocrx_word' id='word_1_19' title='bbox 659 359 682 384; x_wconf 90' lang='lat' dir='ltr'>a</span> <span class='ocrx_word' id='word_1_20' title='bbox 712 343 926 399; x_wconf 88' lang='lat' dir='ltr'>principio.</span> <span class='ocrx_word' id='word_1_21' title='bbox 974 343 1058 385; x_wconf 77' lang='lat' dir='ltr'>DA.</span> <span class='ocrx_word' id='word_1_22' title='bbox 1091 343 1302 393; x_wconf 87' lang='lat' dir='ltr'>Audistin,</span> <span class='ocrx_word' id='word_1_23' title='bbox 1334 344 1408 385; x_wconf 77' lang='lat' dir='ltr'>ob·</span> <span class='ocrx_word' id='word_1_24' title='bbox 1433 348 1499 383; x_wconf 79' lang='lat'>785</span> 
     </span>
     <span class='ocr_line' id='line_1_5' title="bbox 687 406 925 447; baseline 0.004 -2"><span class='ocrx_word' id='word_1_25' title='bbox 687 406 828 446; x_wconf 83' lang='lat' dir='ltr'>secro?</span> <span class='ocrx_word' id='word_1_26' title='bbox 859 421 925 447; x_wconf 91' lang='lat' dir='ltr'>em</span> 
     </span>
     <span class='ocr_line' id='line_1_6' title="bbox 240 466 1406 523; baseline -0.001 -14"><span class='ocrx_word' id='word_1_27' title='bbox 240 466 426 509; x_wconf 86' lang='lat' dir='ltr'>Scelera:</span> <span class='ocrx_word' id='word_1_28' title='bbox 448 466 554 508; x_wconf 62' lang='lat' dir='ltr'>hanc</span> <span class='ocrx_word' id='word_1_29' title='bbox 573 468 655 508; x_wconf 87' lang='lat' dir='ltr'>iam</span> <span class='ocrx_word' id='word_1_30' title='bbox 671 476 829 522; x_wconf 78' lang='lat' dir='ltr'>oportet</span> <span class='ocrx_word' id='word_1_31' title='bbox 842 470 885 509; x_wconf 91' lang='lat' dir='ltr'>in</span> <span class='ocrx_word' id='word_1_32' title='bbox 899 468 1127 509; x_wconf 82' lang='lat' dir='ltr'>cruciatum</span> <span class='ocrx_word' id='word_1_33' title='bbox 1147 468 1243 509; x_wconf 88' lang='lat' dir='ltr'>hinc</span> <span class='ocrx_word' id='word_1_34' title='bbox 1261 468 1406 523; x_wconf 70' lang='lat' dir='ltr'>abripi.</span> 
     </span>
     <span class='ocr_line' id='line_1_7' title="bbox 241 529 1243 571; baseline 0 -1"><span class='ocrx_word' id='word_1_35' title='bbox 241 529 324 570; x_wconf 84' lang='lat' dir='ltr'>Hic</span> <span class='ocrx_word' id='word_1_36' title='bbox 349 538 412 570; x_wconf 88' lang='lat' dir='ltr'>est</span> <span class='ocrx_word' id='word_1_37' title='bbox 434 529 521 570; x_wconf 90' lang='lat' dir='ltr'>ille:</span> <span class='ocrx_word' id='word_1_38' title='bbox 553 544 636 570; x_wconf 90' lang='lat' dir='ltr'>non</span> <span class='ocrx_word' id='word_1_39' title='bbox 662 537 702 570; x_wconf 89' lang='lat' dir='ltr'>te</span> <span class='ocrx_word' id='word_1_40' title='bbox 727 530 870 570; x_wconf 77' lang='lat' dir='ltr'>credas</span> <span class='ocrx_word' id='word_1_41' title='bbox 895 529 1063 570; x_wconf 82' lang='lat' dir='ltr'>Dauom</span> <span class='ocrx_word' id='word_1_42' title='bbox 1088 529 1243 571; x_wconf 74' lang='lat' dir='ltr'>ludere.</span> 
     </span>
     <span class='ocr_line' id='line_1_8' title="bbox 129 591 1227 646; baseline 0.001 -14"><span class='ocrx_word' id='word_1_43' title='bbox 129 591 218 632; x_wconf 80' lang='lat' dir='ltr'>MY.</span> <span class='ocrx_word' id='word_1_44' title='bbox 243 591 318 632; x_wconf 92' lang='lat' dir='ltr'>Me</span> <span class='ocrx_word' id='word_1_45' title='bbox 344 591 556 633; x_wconf 84' lang='lat' dir='ltr'>miseram!</span> <span class='ocrx_word' id='word_1_46' title='bbox 587 591 646 632; x_wconf 88' lang='lat' dir='ltr'>nil</span> <span class='ocrx_word' id='word_1_47' title='bbox 670 592 739 646; x_wconf 88' lang='lat' dir='ltr'>pol</span> <span class='ocrx_word' id='word_1_48' title='bbox 764 591 858 632; x_wconf 73' lang='lat' dir='ltr'>falsi</span> <span class='ocrx_word' id='word_1_49' title='bbox 883 592 982 641; x_wconf 78' lang='lat' dir='ltr'>dixi,</span> <span class='ocrx_word' id='word_1_50' title='bbox 1007 594 1064 632; x_wconf 90' lang='lat' dir='ltr'>mi</span> <span class='ocrx_word' id='word_1_51' title='bbox 1089 607 1227 633; x_wconf 82' lang='lat' dir='ltr'>senex.</span> 
     </span>
     <span class='ocr_line' id='line_1_9' title="bbox 76 652 1408 695; baseline 0.003 -4"><span class='ocrx_word' id='word_1_52' title='bbox 76 665 110 691; x_wconf 83' lang='lat'>50</span> <span class='ocrx_word' id='word_1_53' title='bbox 128 652 206 695; x_wconf 76' lang='lat' dir='ltr'>Cn.</span> <span class='ocrx_word' id='word_1_54' title='bbox 237 653 350 694; x_wconf 86' lang='lat' dir='ltr'>Noui</span> <span class='ocrx_word' id='word_1_55' title='bbox 381 655 547 694; x_wconf 78' lang='lat' dir='ltr'>omnem</span> <span class='ocrx_word' id='word_1_56' title='bbox 577 668 678 694; x_wconf 85' lang='lat' dir='ltr'>rem.</span> <span class='ocrx_word' id='word_1_57' title='bbox 711 662 769 694; x_wconf 88' lang='lat' dir='ltr'>est</span> <span class='ocrx_word' id='word_1_58' title='bbox 792 653 907 695; x_wconf 84' lang='lat' dir='ltr'>Simo</span> <span class='ocrx_word' id='word_1_59' title='bbox 938 654 1074 694; x_wconf 85' lang='lat' dir='ltr'>intus?</span> <span class='ocrx_word' id='word_1_60' title='bbox 1122 653 1205 694; x_wconf 78' lang='lat' dir='ltr'>DA.</span> <span class='ocrx_word' id='word_1_61' title='bbox 1238 654 1328 695; x_wconf 86' lang='lat' dir='ltr'>Est.</span> <span class='ocrx_word' id='word_1_62' title='bbox 1354 679 1408 683; x_wconf 83' lang='lat'>——</span> 
     </span>
     <span class='ocr_line' id='line_1_10' title="bbox 687 715 1155 770; baseline 0.002 -15"><span class='ocrx_word' id='word_1_63' title='bbox 687 715 775 756; x_wconf 72' lang='lat' dir='ltr'>MY.</span> <span class='ocrx_word' id='word_1_64' title='bbox 808 716 872 756; x_wconf 89' lang='lat' dir='ltr'>Ne</span> <span class='ocrx_word' id='word_1_65' title='bbox 898 731 963 757; x_wconf 89' lang='lat' dir='ltr'>me</span> <span class='ocrx_word' id='word_1_66' title='bbox 988 716 1155 770; x_wconf 80' lang='lat' dir='ltr'>attigas,</span> 
     </span>
     <span class='ocr_line' id='line_1_11' title="bbox 239 776 1500 832; baseline -0.001 -12"><span class='ocrx_word' id='word_1_67' title='bbox 239 777 437 820; x_wconf 81' lang='lat' dir='ltr'>Sceleste.</span> <span class='ocrx_word' id='word_1_68' title='bbox 472 777 506 818; x_wconf 90' lang='lat' dir='ltr'>si</span> <span class='ocrx_word' id='word_1_69' title='bbox 530 778 599 832; x_wconf 91' lang='lat' dir='ltr'>pol</span> <span class='ocrx_word' id='word_1_70' title='bbox 625 776 824 832; x_wconf 65' lang='lat' dir='ltr'>Glycerio</span> <span class='ocrx_word' id='word_1_71' title='bbox 850 793 933 819; x_wconf 90' lang='lat' dir='ltr'>non</span> <span class='ocrx_word' id='word_1_72' title='bbox 959 779 1097 819; x_wconf 77' lang='lat' dir='ltr'>omnia</span> <span class='ocrx_word' id='word_1_73' title='bbox 1123 778 1226 819; x_wconf 84' lang='lat' dir='ltr'>haec</span> <span class='ocrx_word' id='word_1_74' title='bbox 1252 810 1260 819; x_wconf 89' lang='lat'>.</span> <span class='ocrx_word' id='word_1_75' title='bbox 1293 811 1301 819; x_wconf 91' lang='lat'><strong>.</strong></span> <span class='ocrx_word' id='word_1_76' title='bbox 1332 811 1340 819; x_wconf 91' lang='lat'>.</span> <span class='ocrx_word' id='word_1_77' title='bbox 1434 790 1500 824; x_wconf 80' lang='lat'>790</span> 
     </span>
     <span class='ocr_line' id='line_1_12' title="bbox 127 839 1409 894; baseline 0.002 -14"><span class='ocrx_word' id='word_1_78' title='bbox 127 839 210 881; x_wconf 83' lang='lat' dir='ltr'>DA.</span> <span class='ocrx_word' id='word_1_79' title='bbox 242 839 336 880; x_wconf 88' lang='lat' dir='ltr'>Eho</span> <span class='ocrx_word' id='word_1_80' title='bbox 373 840 533 894; x_wconf 71' lang='lat' dir='ltr'>inepta,</span> <span class='ocrx_word' id='word_1_81' title='bbox 577 840 712 881; x_wconf 91' lang='lat' dir='ltr'>nescis</span> <span class='ocrx_word' id='word_1_82' title='bbox 750 840 850 893; x_wconf 85' lang='lat' dir='ltr'>quid</span> <span class='ocrx_word' id='word_1_83' title='bbox 887 840 938 880; x_wconf 88' lang='lat' dir='ltr'>sit</span> <span class='ocrx_word' id='word_1_84' title='bbox 977 841 1141 881; x_wconf 81' lang='lat' dir='ltr'>actum?</span> <span class='ocrx_word' id='word_1_85' title='bbox 1195 841 1283 881; x_wconf 80' lang='lat' dir='ltr'>MY.</span> <span class='ocrx_word' id='word_1_86' title='bbox 1323 840 1409 894; x_wconf 80' lang='lat' dir='ltr'>Qui</span> 
     </span>
     <span class='ocr_line' id='line_1_13' title="bbox 686 902 839 943; baseline -0.007 0"><span class='ocrx_word' id='word_1_87' title='bbox 686 902 839 943; x_wconf 83' lang='lat' dir='ltr'>sciam?</span> 
     </span>
     <span class='ocr_line' id='line_1_14' title="bbox 125 964 1281 1019; baseline 0.002 -15"><span class='ocrx_word' id='word_1_88' title='bbox 125 964 209 1005; x_wconf 83' lang='lat' dir='ltr'>DA.</span> <span class='ocrx_word' id='word_1_89' title='bbox 241 964 324 1005; x_wconf 91' lang='lat' dir='ltr'>Hic</span> <span class='ocrx_word' id='word_1_90' title='bbox 350 965 467 1005; x_wconf 83' lang='lat' dir='ltr'>socer</span> <span class='ocrx_word' id='word_1_91' title='bbox 493 972 568 1005; x_wconf 86' lang='lat' dir='ltr'>est.</span> <span class='ocrx_word' id='word_1_92' title='bbox 600 964 679 1005; x_wconf 87' lang='lat' dir='ltr'>alio</span> <span class='ocrx_word' id='word_1_93' title='bbox 705 967 826 1018; x_wconf 74' lang='lat' dir='ltr'>pacto</span> <span class='ocrx_word' id='word_1_94' title='bbox 853 965 966 1005; x_wconf 84' lang='lat' dir='ltr'>haud</span> <span class='ocrx_word' id='word_1_95' title='bbox 990 972 1149 1019; x_wconf 83' lang='lat' dir='ltr'>poterat</span> <span class='ocrx_word' id='word_1_96' title='bbox 1176 965 1281 1014; x_wconf 88' lang='lat' dir='ltr'>fieri,</span> 
     </span>
     <span class='ocr_line' id='line_1_15' title="bbox 241 1026 1409 1083; baseline 0.002 -15"><span class='ocrx_word' id='word_1_97' title='bbox 241 1028 299 1068; x_wconf 87' lang='lat' dir='ltr'>Vt</span> <span class='ocrx_word' id='word_1_98' title='bbox 330 1028 451 1068; x_wconf 87' lang='lat' dir='ltr'>sciret</span> <span class='ocrx_word' id='word_1_99' title='bbox 481 1026 584 1067; x_wconf 85' lang='lat' dir='ltr'>haec</span> <span class='ocrx_word' id='word_1_100' title='bbox 610 1041 717 1080; x_wconf 83' lang='lat' dir='ltr'>quae</span> <span class='ocrx_word' id='word_1_101' title='bbox 747 1027 954 1067; x_wconf 79' lang='lat' dir='ltr'>uolumus.</span> <span class='ocrx_word' id='word_1_102' title='bbox 1003 1027 1092 1068; x_wconf 60' lang='lat' dir='ltr'>My.</span> <span class='ocrx_word' id='word_1_103' title='bbox 1134 1028 1259 1077; x_wconf 86' lang='lat' dir='ltr'>Hem,</span> <span class='ocrx_word' id='word_1_104' title='bbox 1291 1043 1409 1083; x_wconf 83' lang='lat' dir='ltr'>prae-</span> 
     </span>
     <span class='ocr_line' id='line_1_16' title="bbox 685 1089 856 1130; baseline 0.006 -1"><span class='ocrx_word' id='word_1_105' title='bbox 685 1089 856 1130; x_wconf 80' lang='lat' dir='ltr'>diceres,</span> 
     </span>
     <span class='ocr_line' id='line_1_17' title="bbox 74 1150 1256 1201; baseline 0.003 -12"><span class='ocrx_word' id='word_1_106' title='bbox 74 1163 108 1189; x_wconf 82' lang='lat'>55</span> <span class='ocrx_word' id='word_1_107' title='bbox 125 1151 207 1192; x_wconf 86' lang='lat' dir='ltr'>DA.</span> <span class='ocrx_word' id='word_1_108' title='bbox 242 1150 425 1192; x_wconf 86' lang='lat' dir='ltr'>Paulum</span> <span class='ocrx_word' id='word_1_109' title='bbox 451 1152 652 1192; x_wconf 78' lang='lat' dir='ltr'>interesse</span> <span class='ocrx_word' id='word_1_110' title='bbox 678 1153 836 1199; x_wconf 75' lang='lat' dir='ltr'>censes,</span> <span class='ocrx_word' id='word_1_111' title='bbox 864 1166 913 1191; x_wconf 85' lang='lat' dir='ltr'>ex</span> <span class='ocrx_word' id='word_1_112' title='bbox 940 1151 1077 1192; x_wconf 83' lang='lat' dir='ltr'>animo</span> <span class='ocrx_word' id='word_1_113' title='bbox 1104 1152 1256 1201; x_wconf 81' lang='lat' dir='ltr'>omnia,</span> 
     </span>
     <span class='ocr_line' id='line_1_18' title="bbox 242 1213 1500 1262; baseline 0.002 -8"><span class='ocrx_word' id='word_1_114' title='bbox 242 1214 300 1255; x_wconf 88' lang='lat' dir='ltr'>Vt</span> <span class='ocrx_word' id='word_1_115' title='bbox 324 1213 405 1254; x_wconf 72' lang='lat' dir='ltr'>fert</span> <span class='ocrx_word' id='word_1_116' title='bbox 430 1220 591 1262; x_wconf 85' lang='lat' dir='ltr'>natura,</span> <span class='ocrx_word' id='word_1_117' title='bbox 618 1213 748 1254; x_wconf 68' lang='lat' dir='ltr'>facias</span> <span class='ocrx_word' id='word_1_118' title='bbox 774 1229 826 1254; x_wconf 79' lang='lat' dir='ltr'>an</span> <span class='ocrx_word' id='word_1_119' title='bbox 853 1213 903 1254; x_wconf 90' lang='lat' dir='ltr'>de</span> <span class='ocrx_word' id='word_1_120' title='bbox 929 1213 1156 1254; x_wconf 77' lang='lat' dir='ltr'>industria?</span> <span class='ocrx_word' id='word_1_121' title='bbox 1435 1220 1500 1256; x_wconf 81' lang='lat'>795</span> 
     </span>
    </p>
   </div>
   <div class='ocr_carea' id='block_1_3' title="bbox 56 1336 1499 2715">
    <p class='ocr_par' dir='ltr' id='par_1_3' title="bbox 56 1336 1499 2133">
     <span class='ocr_line' id='line_1_19' title="bbox 435 1336 1103 1380; baseline 0.001 -2"><span class='ocrx_word' id='word_1_122' title='bbox 435 1336 610 1379; x_wconf 79' lang='lat' dir='ltr'>CRITO</span> <span class='ocrx_word' id='word_1_123' title='bbox 670 1338 853 1379; x_wconf 80' lang='lat' dir='ltr'>MYsrs</span> <span class='ocrx_word' id='word_1_124' title='bbox 912 1339 1103 1380; x_wconf 79' lang='lat' dir='ltr'>DAvos</span> 
     </span>
     <span class='ocr_line' id='line_1_20' title="bbox 456 1409 1081 1436; baseline 0.002 -1"><span class='ocrx_word' id='word_1_125' title='bbox 456 1409 580 1435; x_wconf 79' lang='lat' dir='ltr'>SENEX</span> <span class='ocrx_word' id='word_1_126' title='bbox 666 1410 837 1435; x_wconf 73' lang='lat' dir='ltr'>ANCILLA</span> <span class='ocrx_word' id='word_1_127' title='bbox 934 1410 1081 1436; x_wconf 72' lang='lat' dir='ltr'>ssnvos</span> 
     </span>
     <span class='ocr_line' id='line_1_21' title="bbox 56 1462 1306 1519; baseline 0.002 -15"><span class='ocrx_word' id='word_1_128' title='bbox 56 1462 205 1506; x_wconf 77' lang='lat' dir='ltr'><strong>lv‚5CR.</strong></span> <span class='ocrx_word' id='word_1_129' title='bbox 238 1463 288 1504; x_wconf 91' lang='lat' dir='ltr'>In</span> <span class='ocrx_word' id='word_1_130' title='bbox 314 1462 392 1504; x_wconf 70' lang='lat' dir='ltr'>hac</span> <span class='ocrx_word' id='word_1_131' title='bbox 417 1462 628 1504; x_wconf 82' lang='lat' dir='ltr'>habitasse</span> <span class='ocrx_word' id='word_1_132' title='bbox 654 1463 793 1518; x_wconf 71' lang='lat' dir='ltr'>platea</span> <span class='ocrx_word' id='word_1_133' title='bbox 819 1463 1016 1504; x_wconf 82' lang='lat' dir='ltr'>dictumst</span> <span class='ocrx_word' id='word_1_134' title='bbox 1042 1462 1306 1519; x_wconf 65' lang='lat' dir='ltr'>Chrysidem,</span> 
     </span>
     <span class='ocr_line' id='line_1_22' title="bbox 237 1525 1316 1580; baseline 0.002 -14"><span class='ocrx_word' id='word_1_135' title='bbox 237 1525 359 1577; x_wconf 80' lang='lat' dir='ltr'>Quae</span> <span class='ocrx_word' id='word_1_136' title='bbox 385 1527 474 1566; x_wconf 78' lang='lat' dir='ltr'>sese</span> <span class='ocrx_word' id='word_1_137' title='bbox 499 1525 716 1567; x_wconf 88' lang='lat' dir='ltr'>inhoneste</span> <span class='ocrx_word' id='word_1_138' title='bbox 742 1526 901 1580; x_wconf 74' lang='lat' dir='ltr'>optauit</span> <span class='ocrx_word' id='word_1_139' title='bbox 928 1541 1073 1580; x_wconf 86' lang='lat' dir='ltr'>parere</span> <span class='ocrx_word' id='word_1_140' title='bbox 1103 1526 1170 1568; x_wconf 88' lang='lat' dir='ltr'>hic</span> <span class='ocrx_word' id='word_1_141' title='bbox 1196 1527 1316 1568; x_wconf 81' lang='lat' dir='ltr'>ditias</span> 
     </span>
     <span class='ocr_line' id='line_1_23' title="bbox 238 1587 1405 1643; baseline 0.003 -15"><span class='ocrx_word' id='word_1_142' title='bbox 238 1588 385 1628; x_wconf 74' lang='lat' dir='ltr'>Potius</span> <span class='ocrx_word' id='word_1_143' title='bbox 418 1602 544 1641; x_wconf 88' lang='lat' dir='ltr'>quam</span> <span class='ocrx_word' id='word_1_144' title='bbox 581 1588 621 1628; x_wconf 92' lang='lat' dir='ltr'>in</span> <span class='ocrx_word' id='word_1_145' title='bbox 653 1587 789 1642; x_wconf 85' lang='lat' dir='ltr'>patria</span> <span class='ocrx_word' id='word_1_146' title='bbox 820 1588 992 1629; x_wconf 86' lang='lat' dir='ltr'>hone&#39;ste</span> <span class='ocrx_word' id='word_1_147' title='bbox 1031 1604 1191 1643; x_wconf 85' lang='lat' dir='ltr'>pauper</span> <span class='ocrx_word' id='word_1_148' title='bbox 1226 1592 1405 1632; x_wconf 86' lang='lat' dir='ltr'>uiueret:</span> 
     </span>
     <span class='ocr_line' id='line_1_24' title="bbox 236 1650 1241 1705; baseline 0.003 -15"><span class='ocrx_word' id='word_1_149' title='bbox 236 1650 339 1690; x_wconf 90' lang='lat' dir='ltr'>Eius</span> <span class='ocrx_word' id='word_1_150' title='bbox 365 1651 497 1691; x_wconf 79' lang='lat' dir='ltr'>morte</span> <span class='ocrx_word' id='word_1_151' title='bbox 522 1666 571 1691; x_wconf 84' lang='lat' dir='ltr'>ea</span> <span class='ocrx_word' id='word_1_152' title='bbox 596 1650 648 1690; x_wconf 85' lang='lat' dir='ltr'>ad</span> <span class='ocrx_word' id='word_1_153' title='bbox 674 1666 739 1691; x_wconf 90' lang='lat' dir='ltr'>me</span> <span class='ocrx_word' id='word_1_154' title='bbox 764 1650 857 1705; x_wconf 75' lang='lat' dir='ltr'>lege</span> <span class='ocrx_word' id='word_1_155' title='bbox 882 1651 1094 1692; x_wconf 73' lang='lat' dir='ltr'>redierunt</span> <span class='ocrx_word' id='word_1_156' title='bbox 1120 1653 1241 1693; x_wconf 86' lang='lat' dir='ltr'>bona.</span> 
     </span>
     <span class='ocr_line' id='line_1_25' title="bbox 89 1704 1499 1769; baseline 0.003 -17"><span class='ocrx_word' id='word_1_157' title='bbox 89 1726 106 1752; x_wconf 84' lang='lat'>5</span> <span class='ocrx_word' id='word_1_158' title='bbox 239 1714 324 1756; x_wconf 85' lang='lat' dir='ltr'>Sed</span> <span class='ocrx_word' id='word_1_159' title='bbox 345 1716 450 1768; x_wconf 79' lang='lat' dir='ltr'>quos</span> <span class='ocrx_word' id='word_1_160' title='bbox 475 1723 696 1769; x_wconf 89' lang='lat' dir='ltr'>perconter</span> <span class='ocrx_word' id='word_1_161' title='bbox 715 1715 856 1755; x_wconf 86' lang='lat' dir='ltr'>uideo:</span> <span class='ocrx_word' id='word_1_162' title='bbox 883 1716 1052 1756; x_wconf 85' lang='lat' dir='ltr'>saluete.</span> <span class='ocrx_word' id='word_1_163' title='bbox 1090 1716 1178 1757; x_wconf 85' lang='lat' dir='ltr'>MY.</span> <span class='ocrx_word' id='word_1_164' title='bbox 1202 1704 1405 1768; x_wconf 78' lang='lat' dir='ltr'>Obsecro,</span> <span class='ocrx_word' id='word_1_165' title='bbox 1432 1723 1499 1757; x_wconf 82' lang='lat'>800</span> 
     </span>
     <span class='ocr_line' id='line_1_26' title="bbox 240 1778 1409 1838; baseline 0.004 -19"><span class='ocrx_word' id='word_1_166' title='bbox 240 1779 379 1831; x_wconf 80' lang='lat' dir='ltr'>Quem</span> <span class='ocrx_word' id='word_1_167' title='bbox 405 1780 555 1821; x_wconf 81' lang='lat' dir='ltr'>uideo?</span> <span class='ocrx_word' id='word_1_168' title='bbox 587 1787 702 1820; x_wconf 89' lang='lat' dir='ltr'>estne</span> <span class='ocrx_word' id='word_1_169' title='bbox 723 1779 789 1819; x_wconf 90' lang='lat' dir='ltr'>hic</span> <span class='ocrx_word' id='word_1_170' title='bbox 810 1778 927 1820; x_wconf 76' lang='lat' dir='ltr'>Crito</span> <span class='ocrx_word' id='word_1_171' title='bbox 953 1780 1144 1821; x_wconf 88' lang='lat' dir='ltr'>sobrinus</span> <span class='ocrx_word' id='word_1_172' title='bbox 1165 1780 1409 1838; x_wconf 63' lang='lat' dir='ltr'>Chrysidis?</span> 
     </span>
     <span class='ocr_line' id='line_1_27' title="bbox 236 1840 1404 1896; baseline 0.003 -14"><span class='ocrx_word' id='word_1_173' title='bbox 236 1842 278 1882; x_wconf 87' lang='lat' dir='ltr'>Is</span> <span class='ocrx_word' id='word_1_174' title='bbox 299 1843 373 1882; x_wconf 80' lang='lat' dir='ltr'>est.</span> <span class='ocrx_word' id='word_1_175' title='bbox 406 1840 481 1882; x_wconf 72' lang='lat' dir='ltr'>Cn.</span> <span class='ocrx_word' id='word_1_176' title='bbox 505 1840 545 1882; x_wconf 90' lang='lat' dir='ltr'>O</span> <span class='ocrx_word' id='word_1_177' title='bbox 567 1841 717 1896; x_wconf 80' lang='lat' dir='ltr'>Mysis,</span> <span class='ocrx_word' id='word_1_178' title='bbox 742 1842 876 1884; x_wconf 74' lang='lat' dir='ltr'>salue!</span> <span class='ocrx_word' id='word_1_179' title='bbox 902 1842 991 1883; x_wconf 71' lang='lat' dir='ltr'>MY.</span> <span class='ocrx_word' id='word_1_180' title='bbox 1014 1842 1165 1885; x_wconf 84' lang='lat' dir='ltr'>Saluos</span> <span class='ocrx_word' id='word_1_181' title='bbox 1185 1846 1254 1893; x_wconf 91' lang='lat' dir='ltr'>sis,</span> <span class='ocrx_word' id='word_1_182' title='bbox 1277 1844 1404 1887; x_wconf 84' lang='lat' dir='ltr'>Crito.</span> 
     </span>
     <span class='ocr_line' id='line_1_28' title="bbox 125 1903 1406 1961; baseline 0.004 -16"><span class='ocrx_word' id='word_1_183' title='bbox 125 1903 200 1946; x_wconf 78' lang='lat' dir='ltr'>CR.</span> <span class='ocrx_word' id='word_1_184' title='bbox 234 1904 329 1945; x_wconf 87' lang='lat' dir='ltr'>Itan</span> <span class='ocrx_word' id='word_1_185' title='bbox 351 1903 550 1959; x_wconf 63' lang='lat' dir='ltr'>Chrysis?</span> <span class='ocrx_word' id='word_1_186' title='bbox 580 1904 689 1945; x_wconf 88' lang='lat' dir='ltr'>hem.</span> <span class='ocrx_word' id='word_1_187' title='bbox 722 1905 810 1944; x_wconf 60' lang='lat' dir='ltr'>My.</span> <span class='ocrx_word' id='word_1_188' title='bbox 837 1905 924 1945; x_wconf 85' lang='lat' dir='ltr'>Nos</span> <span class='ocrx_word' id='word_1_189' title='bbox 951 1905 1120 1958; x_wconf 86' lang='lat' dir='ltr'>quidem</span> <span class='ocrx_word' id='word_1_190' title='bbox 1139 1907 1209 1961; x_wconf 91' lang='lat' dir='ltr'>pol</span> <span class='ocrx_word' id='word_1_191' title='bbox 1234 1908 1406 1950; x_wconf 82' lang='lat' dir='ltr'>miseras</span> 
     </span>
     <span class='ocr_line' id='line_1_29' title="bbox 686 1967 880 2022; baseline 0 -15"><span class='ocrx_word' id='word_1_192' title='bbox 686 1967 880 2022; x_wconf 77' lang='lat' dir='ltr'>perdidit.</span> 
     </span>
     <span class='ocr_line' id='line_1_30' title="bbox 126 2028 1405 2084; baseline 0.005 -14"><span class='ocrx_word' id='word_1_193' title='bbox 126 2028 201 2071; x_wconf 78' lang='lat' dir='ltr'>CR.</span> <span class='ocrx_word' id='word_1_194' title='bbox 234 2028 349 2081; x_wconf 81' lang='lat' dir='ltr'>Quid</span> <span class='ocrx_word' id='word_1_195' title='bbox 385 2030 486 2070; x_wconf 78' lang='lat' dir='ltr'>uos?</span> <span class='ocrx_word' id='word_1_196' title='bbox 535 2043 617 2083; x_wconf 90' lang='lat' dir='ltr'>quo</span> <span class='ocrx_word' id='word_1_197' title='bbox 655 2038 778 2084; x_wconf 86' lang='lat' dir='ltr'>pacto</span> <span class='ocrx_word' id='word_1_198' title='bbox 816 2030 906 2071; x_wconf 79' lang='lat' dir='ltr'>hic?</span> <span class='ocrx_word' id='word_1_199' title='bbox 960 2031 1092 2072; x_wconf 75' lang='lat' dir='ltr'>satine</span> <span class='ocrx_word' id='word_1_200' title='bbox 1129 2033 1264 2074; x_wconf 83' lang='lat' dir='ltr'>recte?</span> <span class='ocrx_word' id='word_1_201' title='bbox 1316 2034 1405 2076; x_wconf 69' lang='lat' dir='ltr'>MY.</span> 
     </span>
     <span class='ocr_line' id='line_1_31' title="bbox 687 2092 960 2133; baseline 0.004 -1"><span class='ocrx_word' id='word_1_202' title='bbox 687 2092 854 2133; x_wconf 79' lang='lat' dir='ltr'>Nosne?</span> <span class='ocrx_word' id='word_1_203' title='bbox 884 2092 960 2133; x_wconf 90' lang='lat' dir='ltr'>sic:</span> 
     </span>
    </p>

    <p class='ocr_par' dir='ltr' id='par_1_4' title="bbox 74 2154 1498 2339">
     <span class='ocr_line' id='line_1_32' title="bbox 74 2154 1498 2208; baseline 0.004 -17"><span class='ocrx_word' id='word_1_204' title='bbox 74 2167 106 2191; x_wconf 92' lang='lat'>10</span> <span class='ocrx_word' id='word_1_205' title='bbox 237 2154 293 2194; x_wconf 89' lang='lat' dir='ltr'>Vt</span> <span class='ocrx_word' id='word_1_206' title='bbox 319 2156 500 2207; x_wconf 87' lang='lat' dir='ltr'>quimus,</span> <span class='ocrx_word' id='word_1_207' title='bbox 534 2155 665 2203; x_wconf 85' lang='lat' dir='ltr'>aiunt,</span> <span class='ocrx_word' id='word_1_208' title='bbox 697 2155 864 2208; x_wconf 60' lang='lat' dir='ltr'>quando</span> <span class='ocrx_word' id='word_1_209' title='bbox 890 2164 935 2195; x_wconf 86' lang='lat' dir='ltr'>ut</span> <span class='ocrx_word' id='word_1_210' title='bbox 966 2156 1159 2197; x_wconf 84' lang='lat' dir='ltr'>uolumus</span> <span class='ocrx_word' id='word_1_211' title='bbox 1188 2159 1271 2198; x_wconf 80' lang='lat' dir='ltr'>non</span> <span class='ocrx_word' id='word_1_212' title='bbox 1296 2159 1404 2201; x_wconf 87' lang='lat' dir='ltr'>licet.</span> <span class='ocrx_word' id='word_1_213' title='bbox 1431 2163 1498 2198; x_wconf 78' lang='lat'>805</span> 
     </span>
     <span class='ocr_line' id='line_1_33' title="bbox 126 2215 1407 2279; baseline 0.005 -23"><span class='ocrx_word' id='word_1_214' title='bbox 126 2215 201 2257; x_wconf 64' lang='lat' dir='ltr'>Cp„</span> <span class='ocrx_word' id='word_1_215' title='bbox 234 2216 350 2268; x_wconf 77' lang='lat' dir='ltr'>Quid</span> <span class='ocrx_word' id='word_1_216' title='bbox 372 2216 641 2279; x_wconf 68' lang='lat' dir='ltr'>Glycerium?</span> <span class='ocrx_word' id='word_1_217' title='bbox 672 2217 754 2258; x_wconf 86' lang='lat' dir='ltr'>iam</span> <span class='ocrx_word' id='word_1_218' title='bbox 778 2217 845 2258; x_wconf 87' lang='lat' dir='ltr'>hic</span> <span class='ocrx_word' id='word_1_219' title='bbox 870 2219 967 2259; x_wconf 78' lang='lat' dir='ltr'>suos</span> <span class='ocrx_word' id='word_1_220' title='bbox 993 2219 1176 2273; x_wconf 82' lang='lat' dir='ltr'>parentis</span> <span class='ocrx_word' id='word_1_221' title='bbox 1202 2223 1407 2276; x_wconf 83' lang='lat' dir='ltr'>re&#39;pperit?</span> 
     </span>
     <span class='ocr_line' id='line_1_34' title="bbox 124 2279 1405 2339; baseline 0.005 -20"><span class='ocrx_word' id='word_1_222' title='bbox 124 2279 213 2319; x_wconf 68' lang='lat' dir='ltr'>MY.</span> <span class='ocrx_word' id='word_1_223' title='bbox 241 2279 430 2321; x_wconf 77' lang='lat' dir='ltr'>Vtinam!</span> <span class='ocrx_word' id='word_1_224' title='bbox 471 2279 546 2321; x_wconf 74' lang='lat' dir='ltr'>CR.</span> <span class='ocrx_word' id='word_1_225' title='bbox 572 2282 642 2321; x_wconf 85' lang='lat' dir='ltr'>An</span> <span class='ocrx_word' id='word_1_226' title='bbox 668 2295 751 2321; x_wconf 88' lang='lat' dir='ltr'>non</span> <span class='ocrx_word' id='word_1_227' title='bbox 771 2280 870 2321; x_wconf 87' lang='lat' dir='ltr'>dum</span> <span class='ocrx_word' id='word_1_228' title='bbox 889 2281 1037 2322; x_wconf 76' lang='lat' dir='ltr'>etiam?</span> <span class='ocrx_word' id='word_1_229' title='bbox 1062 2282 1173 2323; x_wconf 84' lang='lat' dir='ltr'>haud</span> <span class='ocrx_word' id='word_1_230' title='bbox 1194 2284 1405 2339; x_wconf 76' lang='lat' dir='ltr'>auspicato</span> 
     </span>
    </p>

    <p class='ocr_par' dir='ltr' id='par_1_5' title="bbox 686 2342 1022 2392">
     <span class='ocr_line' id='line_1_35' title="bbox 686 2342 1022 2392; baseline 0.003 -9"><span class='ocrx_word' id='word_1_231' title='bbox 686 2342 768 2384; x_wconf 90' lang='lat' dir='ltr'>huc</span> <span class='ocrx_word' id='word_1_232' title='bbox 792 2358 858 2384; x_wconf 91' lang='lat' dir='ltr'>me</span> <span class='ocrx_word' id='word_1_233' title='bbox 884 2344 1022 2392; x_wconf 74' lang='lat' dir='ltr'>attuli3</span> 
     </span>
    </p>

    <p class='ocr_par' dir='ltr' id='par_1_6' title="bbox 236 2403 1405 2522">
     <span class='ocr_line' id='line_1_36' title="bbox 236 2403 1405 2460; baseline 0.006 -16"><span class='ocrx_word' id='word_1_234' title='bbox 236 2403 346 2444; x_wconf 83' lang='lat' dir='ltr'>Nam</span> <span class='ocrx_word' id='word_1_235' title='bbox 371 2404 455 2458; x_wconf 81' lang='lat' dir='ltr'>pol,</span> <span class='ocrx_word' id='word_1_236' title='bbox 482 2405 516 2446; x_wconf 89' lang='lat' dir='ltr'>si</span> <span class='ocrx_word' id='word_1_237' title='bbox 540 2404 584 2445; x_wconf 90' lang='lat' dir='ltr'>id</span> <span class='ocrx_word' id='word_1_238' title='bbox 610 2405 794 2454; x_wconf 87' lang='lat' dir='ltr'>scissem,</span> <span class='ocrx_word' id='word_1_239' title='bbox 819 2407 1048 2460; x_wconf 79' lang='lat' dir='ltr'>numquam</span> <span class='ocrx_word' id='word_1_240' title='bbox 1075 2407 1155 2448; x_wconf 88' lang='lat' dir='ltr'>huc</span> <span class='ocrx_word' id='word_1_241' title='bbox 1176 2408 1405 2451; x_wconf 77' lang='lat' dir='ltr'>tetulissem</span> 
     </span>
     <span class='ocr_line' id='line_1_37' title="bbox 684 2469 849 2522; baseline 0 -14"><span class='ocrx_word' id='word_1_242' title='bbox 684 2469 849 2522; x_wconf 87' lang='lat' dir='ltr'>pedem.</span> 
     </span>
    </p>

    <p class='ocr_par' dir='ltr' id='par_1_7' title="bbox 238 2527 1406 2641">
     <span class='ocr_line' id='line_1_38' title="bbox 238 2527 1406 2586; baseline 0.007 -18"><span class='ocrx_word' id='word_1_243' title='bbox 238 2527 413 2583; x_wconf 85' lang='lat' dir='ltr'>Sempe&#39;r</span> <span class='ocrx_word' id='word_1_244' title='bbox 449 2529 560 2570; x_wconf 83' lang='lat' dir='ltr'>enirn</span> <span class='ocrx_word' id='word_1_245' title='bbox 602 2529 750 2571; x_wconf 83' lang='lat' dir='ltr'>dictast</span> <span class='ocrx_word' id='word_1_246' title='bbox 794 2532 884 2572; x_wconf 83' lang='lat' dir='ltr'>e&#39;sse</span> <span class='ocrx_word' id='word_1_247' title='bbox 926 2530 1028 2573; x_wconf 83' lang='lat' dir='ltr'>haec</span> <span class='ocrx_word' id='word_1_248' title='bbox 1065 2540 1190 2586; x_wconf 85' lang='lat' dir='ltr'>atque</span> <span class='ocrx_word' id='word_1_249' title='bbox 1225 2533 1406 2576; x_wconf 74' lang='lat' dir='ltr'>habitast</span> 
     </span>
     <span class='ocr_line' id='line_1_39' title="bbox 687 2607 820 2641; baseline 0 -8"><span class='ocrx_word' id='word_1_250' title='bbox 687 2607 820 2641; x_wconf 81' lang='lat' dir='ltr'>soror3</span> 
     </span>
    </p>

    <p class='ocr_par' dir='ltr' id='par_1_8' title="bbox 76 2652 1497 2715">
     <span class='ocr_line' id='line_1_40' title="bbox 76 2652 1497 2715; baseline 0.009 -27"><span class='ocrx_word' id='word_1_251' title='bbox 76 2664 107 2688; x_wconf 82' lang='lat'>15</span> <span class='ocrx_word' id='word_1_252' title='bbox 238 2652 359 2704; x_wconf 76' lang='lat' dir='ltr'>Quae</span> <span class='ocrx_word' id='word_1_253' title='bbox 386 2653 495 2694; x_wconf 86' lang='lat' dir='ltr'>illius</span> <span class='ocrx_word' id='word_1_254' title='bbox 528 2654 708 2704; x_wconf 80' lang='lat' dir='ltr'>fuerunt,</span> <span class='ocrx_word' id='word_1_255' title='bbox 741 2655 942 2709; x_wconf 69' lang='lat' dir='ltr'>pdssidet:</span> <span class='ocrx_word' id='word_1_256' title='bbox 974 2671 1085 2698; x_wconf 89' lang='lat' dir='ltr'>nunc</span> <span class='ocrx_word' id='word_1_257' title='bbox 1110 2672 1176 2699; x_wconf 89' lang='lat' dir='ltr'>me</span> <span class='ocrx_word' id='word_1_258' title='bbox 1200 2658 1405 2715; x_wconf 80' lang='lat' dir='ltr'>hospitem</span> <span class='ocrx_word' id='word_1_259' title='bbox 1429 2665 1497 2701; x_wconf 82' lang='lat'>810</span> 
     </span>
    </p>
   </div>
  </div>
 </body>
</html>
