1700 2984
296 146 349 188 88
614 153 859 191 HEAVTON
883 153 1248 192 TIMORVMENOS
1416 156 1481 201 IV,
1498 157 1530 191 8.
1549 156 1593 200 V,
1612 156 1632 190 1

404 235 668 292 Despdnsam
698 250 864 291 quoque
895 251 985 340 elsse
1016 237 1152 279 dicito.
1210 237 1299 279 Mn.
1337 236 1431 287 Em,
1462 237 1567 278 istuc
1584 247 1617 274 25

851 312 905 340 uo
924 313 1077 340 ueram.

295 359 374 402 Cn.
404 360 541 402 Tanto
566 360 681 402 <Seius
706 368 746 402 te
771 368 817 401 ut
839 361 985 415 pdscat
1009 368 1049 402 et
1071 369 1130 411 tu,
1155 362 1199 402 id
1221 361 1335 416 qudd
1360 361 1489 416 cupis,

406 422 548 474 Quam
572 424 778 464 ocissume
802 431 849 463 ut
872 422 957 463 des.
1004 422 1093 464 ΜΕ.
1125 422 1274 478 Cupio.
1324 422 1403 465 Cn.
1434 423 1499 464 Ne
1522 428 1568 463 tu

851 484 1104 539 prdpediem,

404 546 463 587 Vt
485 545 607 587 istam
632 561 718 587 rem
743 545 878 595 uideo,
904 547 1021 588 istius
1047 547 1354 589 obsaturabere.

200 613 268 647 870
404 606 491 649 Sed
515 607 618 649 haee
642 608 702 648 uti
726 615 835 657 sunt,
860 608 1013 649 cautim
1039 616 1077 650 et
1102 609 1301 664 paulatim
1327 609 1460 658 dabis,

404 669 452 712 Si
470 669 618 725 sapies.
655 670 744 711 ME.
769 670 953 712 Faciam.
992 669 1069 712 Cn.
1099 672 1185 712 Abi
1203 673 1327 712 intro:
1353 671 1449 712 uide
1468 669 1568 724 quid
1587 681 1619 706 80

850 733 1038 787 pdstulet.

402 794 497 849 Ego
522 793 634 835 dc'nni
660 808 743 843 ero,
769 794 803 835 si
827 795 928 849 quid
951 797 1017 837 me
1042 796 1170 837 uoles.
1207 795 1295 836 ME.
1322 794 1433 836 Sane
1458 795 1566 836 uolo.

402 856 513 898 Nam
536 857 576 897 te
602 856 798 898 scientem
824 856 989 907 faciam,
1014 856 1216 911 quidquid
1240 859 1377 912 egero.

747 1224 1013 1277 ACTVS
1050 1225 1117 1276 V.

591 1325 941 1368 MENEDEMVS
1004 1324 1264 1367 CHREMES

705 1403 825 1430 sumas
997 1418 1001 1419 γ
1106 1404 1136 1428 11

289 1479 376 1521 Ma.
402 1468 496 1535 Ego
522 1493 588 1520 me
612 1493 695 1520 non
718 1486 804 1520 tam
822 1479 1005 1520 astutum
1024 1492 1159 1532 neque
1178 1485 1263 1520 tam
1288 1478 1566 1533 perspicacem
1581 1491 1633 1523 v,1

852 1556 942 1582 esse
964 1541 1008 1582 id
1033 1541 1136 1590 sei03

198 1610 265 1644 875
403 1603 491 1645 Sed
504 1604 571 1646 hic
589 1604 751 1646 adiutor
770 1605 886 1645 meus
903 1611 943 1645 et
962 1604 1139 1644 monitor
1158 1605 1199 1645 et
1217 1605 1568 1659 praemonstratdr

852 1664 1055 1707 Chremes

401 1730 496 1771 Ηόο
526 1728 628 1770 mihi
657 1735 857 1784 praestat:
893 1730 936 1769 in
966 1743 1033 1770 me
1058 1728 1222 1782 quiduis
1252 1727 1399 1769 harum
1429 1743 1567 1770 rerum

851 1791 1055 1840 ednuenit,

402 1854 525 1906 Quae
551 1861 647 1896 sunt
671 1854 782 1896 dieta
804 1853 847 1894 in
871 1853 1009 1902 stulto,
1039 1853 1213 1901 caudex,
1246 1854 1385 1908 stipes,
1412 1853 1565 1903 asinus,

847 1915 1085 1970 plumbeus3
1699 1960 1700 1969 ἵ

400 1966 451 2019 in
476 1978 593 2019 illum
617 1977 675 2019 nil
699 1979 852 2033 potest:
891 1985 1111 2033 exsuperat
1142 1979 1229 2019 eius
1260 1978 1434 2019 stultitia
1464 1977 1566 2020 haec
1601 1988 1618 2015 5
1675 1995 1700 2016 π

850 2040 999 2081 emnia.

291 2102 368 2144 Cn.
403 2089 512 2153 Ohe,
543 2102 693 2145 desiste
723 2102 892 2156 inquam
924 2102 1037 2152 deos,
1069 2116 1186 2151 uxor,
1217 2102 1463 2157 gratulando
1493 2102 1565 2143 ob-

849 2164 1034 2214 tundere,

197 2235 264 2269 880
400 2228 537 2269 Tuam
557 2242 647 2269 esse
665 2227 877 2268 inuentam
902 2229 1090 2282 gnatam3
1115 2227 1194 2268 nisi
1219 2227 1309 2268 illos
1334 2228 1385 2268 e'x
1409 2234 1481 2269 tuo
1505 2227 1567 2269 in·
1636 2219 1641 2223 ’

847 2289 970 2344 genio
994 2289 1167 2337 iudicas,

398 2340 457 2395 Vt
481 2352 539 2394 nil
563 2352 707 2394 eredas
732 2352 983 2407 intellegere,
1014 2352 1092 2392 nisi
1116 2352 1226 2393 idem
1252 2351 1447 2392 dictumst
1471 2353 1566 2392 cen-

848 2414 966 2456 tiens.

401 2477 488 2520 Sed
517 2477 681 2519 interim
704 2476 804 2531 quid
833 2477 916 2517 illio
946 2477 1029 2518 iam
1060 2476 1219 2517 dudum
1249 2478 1400 2531 gnatus
1432 2483 1563 2517 cessat

848 2540 941 2580 eum
969 2538 1101 2593 Syro?

288 2603 376 2644 Mn.
403 2601 522 2654 Ques
547 2609 606 2643 a'l's
626 2602 826 2650 homines,
855 2600 1067 2651 Chremes,
1094 2601 1278 2642 cessare?
1318 2599 1394 2641 CH.
1416 2599 1563 2649 Ehem,
1584 2612 1615 2636 10

848 2664 1111 2712 Menedeme,
1136 2663 1334 2704 aduenis?

1697 2374 1700 2384 ι
