1700 2984
220 127 301 168 222

127 469 196 505 595

130 1097 197 1132 600

761 133 967 169 HECYRA
1414 134 1482 179 lv,
1498 135 1531 169 2.
1549 134 1571 170 3

332 217 434 258 Mea
459 217 585 257 causa
609 215 718 256 nolo.
758 213 832 256 So.
852 214 922 255 Nil
950 213 1058 270 [pol]
1085 215 1167 255 iam
1192 214 1296 256 istae
1313 229 1379 256 res
1402 213 1504 256 mihi

785 277 1011 332 uoluptatis
1036 277 1191 317 ferunt:

332 340 450 382 Dum
488 339 635 381 aetatis
666 346 831 393 tempus
868 339 973 388 tulit,
1010 339 1227 393 perfuncta
1259 338 1356 379 saitis
1393 353 1503 380 sum:

783 401 908 442 satias
932 401 1015 441 isim
1040 408 1152 442 tenet

334 465 579 508 Studiorum
592 463 778 504 istorum.
793 462 895 503 haec
909 463 1008 503 mihi
1022 477 1134 504 nuno
1145 471 1279 504 curast
1296 465 1504 511 maixuma,

785 533 829 565 ut
854 539 905 566 ne
930 526 1029 578 quoi
1053 541 1146 566 mea

333 588 644 644 Longinquitas
680 587 826 628 aetatis
869 587 1003 629 obstet
1045 589 1274 629 mortemue
1316 587 1506 641 expectet
1524 597 1557 622 20

783 664 931 690 meam.

333 712 419 754 Hic
444 713 567 754 uideo
592 727 658 753 me
684 727 774 753 esse
798 711 976 753 inuisam
1000 711 1209 753 inmerito:
1236 713 1415 766 tempust
1440 725 1506 752 me

787 774 1026 815 concedere.

336 836 409 879 Sic
434 839 618 892 optume,
650 843 697 878 ut
722 851 801 891 ego
827 838 986 891 opinor,
1018 836 1152 877 omnis
1177 837 1323 877 causas
1348 834 1506 890 praeci—

784 899 879 940 dam
905 899 1116 940 omnibus:

333 961 390 1004 Et
419 977 486 1003 me
522 961 600 1002 haio
637 960 869 1016 suspicione
908 961 1121 1002 exsoluam
1159 968 1200 1002 et
1234 960 1314 1001 illis
1351 974 1507 1001 morem

786 1024 968 1078 gessero.

337 1085 439 1129 Sine
464 1101 530 1126 me
558 1085 729 1127 obsecro
755 1084 833 1126 hoo
859 1085 1064 1140 ecfugere,
1089 1085 1240 1140 uolgus
1265 1085 1377 1138 quod
1401 1084 1508 1125 male

788 1148 903 1188 audit
926 1148 1158 1188 mulierum.

220 1211 298 1254 ΡΑ.
332 1211 473 1264 Quam
499 1210 735 1252 fortunatus
766 1210 913 1251 ceteris
944 1225 1036 1250 sum
1066 1210 1205 1259 re'bus,
1238 1210 1395 1263 absque
1427 1224 1509 1249 una
1527 1220 1561 1246 25

134 1720 201 1755 605

226 1835 298 1877 So.

226 2209 306 2250 LA.

136 2589 202 2623 610
229 2583 301 2625 So.

788 1272 866 1313 heio
891 1273 1011 1321 foret,

334 1337 458 1377 Hanc
482 1337 658 1376 matrem
677 1334 835 1376 habens
856 1335 995 1393 talem,
1023 1335 1137 1375 illam
1158 1342 1295 1375 autem
1316 1333 1507 1374 uxorem!

790 1396 859 1438 So.
889 1396 1092 1444 Obsecro,
1119 1397 1175 1437 mi
1200 1395 1433 1450 Pamphile,

335 1461 431 1502 Non
462 1460 550 1501 tute
581 1459 889 1501 incommodum
922 1475 1022 1507 rem,
1060 1468 1105 1499 ut
1135 1473 1325 1513 quaeque
1355 1467 1429 1507 est,
1467 1460 1508 1499 in

791 1522 976 1562 animum
1002 1521 1174 1562 induce's
1198 1521 1308 1576 pati?

338 1584 386 1628 Si
411 1586 547 1627 cetera
571 1585 629 1625 ita
653 1591 749 1625 sunt
780 1584 825 1625 ut
855 1584 918 1625 uis
949 1583 1091 1638 itaque
1120 1584 1180 1624 uti
1211 1585 1300 1624 esse
1332 1598 1410 1638 ego
1441 1584 1511 1624 illa

788 1648 1007 1695 existumo,

338 1711 402 1751 Mi
433 1712 572 1766 gnzste,
611 1709 664 1751 da
694 1709 861 1750 ueniam
898 1709 1005 1750 haine
1041 1707 1156 1756 mihi,
1193 1707 1349 1748 redduo
1383 1708 1510 1749 illam.

790 1771 868 1811 ΡΑ.
896 1771 986 1812 Vae
1012 1770 1161 1811 misero
1186 1769 1304 1809 mihi!

338 1835 392 1876 Et
424 1833 524 1875 mihi
555 1833 742 1888 quidem3
780 1849 876 1874 nam
915 1833 1018 1876 haec
1049 1834 1113 1873 res
1149 1846 1231 1872 non
1270 1831 1407 1872 minus
1445 1848 1509 1873 me
1530 1845 1562 1869 3ο

790 1896 897 1936 maile
920 1896 1044 1936 habet
1066 1909 1191 1948 quam
1216 1902 1269 1943 te,
1294 1896 1419 1949 gnzite
1446 1895 1512 1935 mi.

377 2073 605 2114 LACHES
676 2071 970 2114 Sos'rRA'rA
1040 2069 1367 2110 PAmmevs

428 2150 554 2176 smmx
753 2148 901 2174 MVLIER
1074 2145 1329 2172 Anvnnsosxs

340 2208 479 2261 Quem
500 2223 594 2250 cum
619 2209 723 2248 istoc
748 2221 980 2247 sermonem
1006 2204 1217 2253 habueris,
1242 2205 1387 2259 procul
1410 2204 1581 2247 hincm-⁹·

791 2277 905 2309 stans
931 2268 1085 2322 accepi,
1111 2268 1228 2307 uxor.

339 2321 453 2374 I'stuc
479 2347 625 2387 sapere
657 2340 730 2380 est,
770 2331 841 2385 qui
872 2330 943 2371 ubi
974 2344 1184 2384 quomque
1216 2343 1318 2384 opus
1351 2328 1400 2369 sit
1426 2328 1513 2369 fini-

791 2408 905 2434 mum
931 2392 1059 2447 possit
1084 2392 1261 2433 flectere.

340 2457 490 2513 [Quod
515 2456 752 2497 faciendum
777 2456 827 2496 sit
846 2466 939 2510 post
960 2455 1149 2503 fortasse,
1174 2454 1284 2494 idem
1306 2453 1384 2495 hoc
1403 2466 1513 2493 nunc

790 2515 1030 2579 si'feceris]

338 2583 443 2623 Fors
471 2582 557 2623 fuat
584 2581 665 2637 pol.
705 2581 784 2621 LA.
812 2580 897 2621 Abi
924 2595 993 2620 rus
1019 2593 1118 2632 ergo
1144 2578 1257 2619 hinc:
1284 2578 1341 2620 ibi
1368 2592 1445 2632 ego
1472 2585 1511 2619 te

794 2651 833 2686 et
859 2651 903 2684 tu
928 2643 993 2682 mo
1019 2642 1138 2683 feres.
