1700 2984
119 153 168 197 ΙΙ,
183 153 205 187 3
514 150 760 187 HEAVTON
785 149 1151 186 TlMORVMENOS
1413 137 1468 180 65

187 231 303 274 cm.
327 232 436 274 Prae
461 233 628 287 gaudiO,
653 232 711 273 ita
735 248 801 274 me
827 232 869 273 di
892 238 1045 280 ament,
1071 230 1144 271 ubi
1169 230 1246 271 sim
1271 230 1429 271 ne'scio:

297 296 363 336 Ita
386 295 518 336 timui.
562 294 677 336 Cm.
710 295 769 335 At
800 309 879 351 ego
903 294 961 335 nil
991 296 1082 335 esse
1106 292 1279 341 scibam,
1312 291 1463 334 Clinia.

298 358 394 413 Age
420 357 519 398 dum
550 356 746 405 uicissim,
774 356 894 411 Syre,
920 357 986 397 dic
1010 370 1118 409 quae
1141 355 1250 396 illast
1274 354 1426 396 ziltera?

135 432 168 458 το
187 419 258 461 ΞΥ.
295 419 558 460 Adducimus
582 426 697 460 tuam
722 419 989 460 Betaehidem.
1034 416 1146 459 CmT.
1182 418 1309 467 Hem,
1340 417 1467 471 quid?

313 532 320 542 Ι
743 481 1022 522 Bacchidem?

296 543 390 584 Eho
408 543 594 592 sceleste,
613 544 695 597 quo
714 543 827 584 illam
847 543 987 584 ducis?
1018 541 1090 584 ΞΥ.
1111 541 1209 595 Quo
1230 557 1308 597 ego
1327 541 1466 582 illam?

347 655 355 666 ,
746 606 800 646 ad
822 620 897 647 nos
923 606 1090 647 scilicet.

187 667 301 710 Cm.
326 668 398 709 Ad
435 668 673 723 patremne?
722 667 792 710 SY.
830 668 902 708 Ad
937 683 1032 709 eum
1068 669 1217 722 ipsum.
1268 666 1382 707 CLIT.
1422 665 1462 707 O

745 730 922 771 hominis
943 730 1213 784 inpudentem
1227 728 1463 770 audaciam!

747 792 817 834 ΞΥ.
850 793 983 841 Heus,

295 853 390 895 Non
416 854 460 895 fit
486 854 575 896 sine
599 854 753 909 periclo
784 854 944 895 facinus
970 856 1169 909 magnum
1199 868 1276 895 nec
1308 868 1464 894 memo-

745 917 888 957 rzibile.

185 977 297 1019 CLlT.
324 979 420 1019 Hoc
443 978 558 1020 uide:
590 978 632 1019 in
657 994 749 1020 mea
773 980 860 1019 uita
883 986 927 1020 tu
953 978 1028 1019 tibi
1052 978 1217 1019 laudem
1242 977 1276 1019 is
1301 977 1464 1032 quaesi-

320 1090 327 1101 ,
744 1042 846 1089 tum,
871 1040 1030 1082 scelus?

135 1115 167 1140 ⁷5
298 1103 383 1144 Vbi
398 1103 432 1144 si
446 1102 662 1158 paululum
678 1103 804 1164 modo
815 1103 915 1156 quid
931 1111 969 1144 te
984 1102 1150 1157 fugerit,
1165 1117 1242 1156 ego
1257 1102 1462 1157 perierim.

297 1164 411 1217 Quid
424 1165 493 1206 illo
506 1165 660 1206 facias?
685 1164 756 1207 ΞΥ.
777 1167 837 1206 At
851 1165 960 1206 enim
982 1198 990 1206 .
1006 1197 1015 1206 .
1031 1165 1146 1206 Cer.
1162 1164 1277 1217 Quid
1294 1165 1463 1205 ‘enim'?

745 1227 814 1269 SY.
833 1227 879 1269 Si
897 1228 1021 1277 sinas,
1041 1228 1189 1269 dictim.
1217 1226 1332 1268 ΟΜΝ,
1349 1226 1462 1268 Sine.

186 1288 299 1331 Cm.
320 1289 435 1332 Sino.
452 1288 523 1331 ΞΥ.
537 1290 604 1330 Ita
616 1305 681 1331 res
696 1298 756 1331 est
770 1290 873 1331 haec
886 1306 1010 1340 nunc,
1025 1290 1143 1344 quasi
1156 1305 1281 1343 quom
1296 1322 1305 1330 .
1322 1322 1330 1330 .
1347 1289 1462 1331 CmT.

745 1353 863 1404 Quas
891 1353 1047 1393 malum
1072 1352 1271 1407 ambages
1297 1352 1396 1392 mihi

296 1413 476 1455 Narrare
513 1414 686 1469 occipit?
741 1414 857 1456 ΟΜΝ.
897 1414 1022 1469 Syre,
1060 1430 1206 1456 uerum
1243 1415 1309 1456 hic
1346 1414 1461 1456 dicit:

312 1528 318 1538 7
746 1478 876 1526 mitte,
902 1478 954 1518 ad
979 1479 1065 1518 rem
1091 1478 1191 1518 redi.

187 1539 258 1582 ΞΥ.
294 1539 419 1580 Enim
450 1553 550 1580 uero
579 1539 749 1581 reticere
781 1554 960 1593 nequeo:
992 1540 1245 1580 multimodis
1276 1539 1462 1587 inilirius,

134 1614 167 1639 ει)
298 1599 494 1656 Clitipho,
526 1616 570 1642 es
593 1616 728 1655 neque
752 1602 850 1643 ferri
883 1602 989 1656 potis
1020 1617 1074 1643 es.
1125 1600 1239 1643 ΟΜΝ.
1271 1601 1465 1642 Audiun-

747 1664 844 1704 dum
872 1664 1008 1705 hercle
1033 1665 1107 1711 est,
1135 1672 1237 1705 tace.

187 1725 257 1767 ΞΥ.
294 1726 370 1767 Vis
396 1740 548 1774 amare,
574 1727 637 1766 uis
662 1726 797 1780 potiri,
823 1727 886 1766 uis
912 1726 1024 1780 quod
1050 1727 1121 1767 des
1146 1726 1204 1766 illi
1229 1726 1357 1774 effici3

296 1787 434 1828 Tuom
466 1803 554 1829 esse
585 1787 628 1828 in
657 1788 855 1842 potiundo
888 1789 1087 1843 periclum
1121 1790 1203 1829 non
1234 1789 1315 1829 uis:
1353 1787 1465 1829 haud

746 1851 869 1891 stulte
895 1852 1020 1906 sapis3

300 1912 517 1967 Siquidem
543 1913 584 1953 id
610 1921 807 1967 saperest‚
833 1914 941 1955 ue'lle
966 1924 1005 1955 te
1030 1914 1071 1954 id
1091 1914 1203 1967 quod
1223 1915 1306 1955 non
1330 1921 1465 1969 potest

746 1978 998 2031 contingere.

298 2038 390 2080 Aut
418 2037 521 2080 haec
552 2052 646 2079 cum
677 2038 756 2079 illis
787 2040 880 2079 sunt
919 2039 1123 2088 habenda,
1161 2046 1233 2080 aut
1260 2039 1333 2081 illa
1369 2054 1464 2081 cum

744 2101 808 2142 his
834 2102 1033 2142 mitte'nda
1058 2109 1165 2144 sunt.

134 2175 168 2202 85
297 2163 462 2204 Hzirum
494 2163 669 2204 duarum
707 2164 995 2204 condicionum
1029 2165 1139 2205 nunc
1175 2171 1309 2205 utram
1344 2165 1463 2206 malis

315 2277 321 2285 „
746 2226 861 2275 uide3

297 2288 388 2329 Etsi
403 2288 617 2329 consilium
632 2289 744 2342 quod
758 2289 847 2344 cepi
867 2291 1026 2330 re'ctum
1048 2304 1138 2330 esse
1158 2296 1198 2330 et
1216 2290 1351 2330 tutum
1366 2290 1464 2332 scio.

298 2350 407 2391 Nam
433 2352 544 2405 apud
568 2359 728 2406 patrem
753 2359 825 2392 tua
850 2354 982 2393 amica
1007 2359 1143 2392 tecum
1170 2353 1257 2393 sine
1283 2360 1394 2394 metu
1420 2361 1465 2393 ut

747 2414 799 2455 sit
824 2414 995 2469 copiast.

298 2474 409 2516 Tum
434 2476 547 2528 quod
572 2476 630 2516 illi
656 2484 875 2531 argentum
900 2491 944 2517 es
970 2476 1190 2531 pollicitus,
1216 2477 1361 2518 eudem
1387 2477 1465 2519 hac

747 2539 957 2579 inueniam
982 2539 1064 2587 uia,

300 2598 427 2652 Quod
452 2607 497 2641 ut
521 2600 727 2643 efficerem
749 2601 904 2642 orz'mdo
930 2601 1075 2642 surdas
1094 2602 1177 2642 iam
1197 2602 1305 2643 asiris
1331 2603 1466 2644 reddi-

749 2664 865 2704 derzis
892 2663 1003 2704 mihi.

261 2730 412 2756 Terentius.
1222 2731 1244 2765 5

1490 355 1557 391 310

1489 979 1556 1015 315

1489 1541 1555 1576 320

1490 2042 1556 2076 325

1490 2600 1557 2636 330
