1700 2984
207 127 287 169 144

111 413 200 448 1015

222 654 300 695 ΡΑ.

222 902 301 944 PA.

110 1098 199 1133 1020

221 1463 299 1505 PA.

221 1589 298 1629 PA.

109 1972 197 2006 1025
222 1962 303 2005 GN.

221 2088 300 2128 ΤΗ.

219 2213 298 2254 ΤΗ.

108 2528 196 2564 1030

712 135 982 172 Iffviffvw311xss
1412 139 1507 184 1J‚kz
1527 140 1547 174 7

339 219 412 260 An
436 218 675 274 paenitebat
699 217 843 273 flagiti,
869 224 910 259 te
935 219 1103 260 auctdre
1128 219 1241 273 quod
1265 219 1432 261 fecisset

336 281 612 331 Adulescens,
643 281 686 322 ni
716 281 914 321 miserum
942 281 1111 337 insuper
1142 282 1267 323 etiam
1290 282 1397 336 patri
1420 281 1482 323 in-

785 342 968 384 dicares?

336 405 446 446 Nam
466 404 566 459 quid
585 405 644 446 illi
664 404 796 446 credis
817 405 906 445 tum
928 404 1054 446 animi
1074 405 1215 455 fuisse,
1230 404 1302 447 ubi
1321 412 1482 447 uestem

787 466 892 507 uidit

336 530 459 571 Illam
491 530 581 571 esse
613 544 708 571 eum
738 529 932 570 indutum
961 531 1104 585 pater?
1137 530 1262 584 quid?
1292 530 1375 571 iam
1399 530 1479 572 scis
1493 541 1525 567 15

783 598 824 632 te
848 593 1028 646 perisse?

332 654 457 703 Hem,
478 653 578 707 quid
597 653 748 702 dixisti,
768 655 988 708 pessuma?
1013 670 1066 696 an
1085 656 1257 697 mentita
1276 656 1343 697 es?
1357 654 1481 696 etiam

785 715 920 756 rides?

334 778 429 819 Itan
459 777 644 832 lepidum
669 778 744 819 tibi
774 777 964 828 meumst,
997 778 1145 828 scelus,
1178 793 1253 820 nos
1278 779 1481 820 inridere?

785 840 862 880 ΡΥ.
893 840 1091 881 Nimium.

336 901 557 956 Siquidem
591 903 698 943 istuc
739 901 895 957 inpune
933 903 1126 944 habueris
1154 935 1162 943 .
1190 902 1230 943 ‚l
1293 903 1369 944 ΡΥ.
1396 904 1481 945 Ve-

782 965 898 1006 rum?
922 965 999 1006 PA.
1021 965 1210 1007 Reddam
1227 965 1376 1007 hercle.
1402 965 1479 1007 Pr.

785 1025 943 1068 Credo:

337 1089 424 1132 Sed
453 1090 495 1130 in
526 1089 635 1130 diem
666 1088 786 1139 istuc,
811 1090 1032 1139 Parmeno,
1064 1097 1126 1131 est
1150 1090 1337 1139 fortasse,
1368 1090 1482 1144 quod

785 1152 954 1193 minare.

335 1213 403 1254 Tu
427 1213 510 1254 iam
534 1213 749 1268 pendebi8‚
776 1214 1137 1256 adulescentulum
1160 1216 1287 1256 istum
1311 1215 1383 1268 qui
1407 1229 1481 1256 no-
1499 1227 1532 1253 20

787 1277 923 1317 bilitas

334 1338 526 1394 Flagitiis
542 1345 582 1380 et
595 1338 774 1380 eundem
787 1339 965 1380 indicas:
986 1341 1162 1393 uterque
1181 1339 1224 1380 in
1238 1346 1277 1381 te
1292 1340 1481 1395 exempla

783 1402 918 1443 edent.

332 1463 482 1504 Nullus
509 1478 614 1504 sum.
656 1461 732 1504 Py.
760 1464 844 1505 Hic
868 1479 943 1519 pro
968 1464 1038 1505 illo
1066 1465 1235 1506 munere
1256 1464 1330 1506 tibi
1350 1464 1480 1506 hones

785 1534 847 1567 est
871 1527 1058 1568 habitus:
1085 1526 1201 1568 abeo,

330 1588 511 1643 Egomet
553 1603 646 1629 meo
688 1587 839 1630 indici6
882 1589 1007 1631 miser
1042 1589 1162 1643 quasi
1205 1590 1322 1631 sdrex
1358 1589 1480 1632 hodie

785 1651 900 1705 perii.

362 1818 594 1861 GNATHO
716 1820 939 1862 THRASO
1061 1820 1326 1862 PARMENO

370 1896 584 1923 PARASITVS
770 1897 887 1923 MILES
1125 1897 1273 1925 SERVOS

337 1961 452 2014 Quid
476 1962 612 2003 nunc?
638 1977 722 2016 qua
747 1977 819 2017 spe
845 1970 916 2003 aut
941 1963 1022 2016 qud
1048 1963 1217 2004 consilio
1243 1963 1324 2004 huc
1347 1964 1546 2008 imus?v‚⁷

786 2025 887 2078 quid
913 2025 1093 2079 coeptas,
1120 2025 1306 2066 Thraso?

331 2087 506 2142 Egone?
543 2093 590 2127 ut
625 2086 778 2127 Thaidi
813 2102 879 2128 me
916 2087 1065 2128 dedam
1104 2096 1142 2129 et
1180 2088 1330 2129 faciam
1367 2089 1480 2142 quod

784 2150 937 2191 iubeat.
999 2149 1080 2192 GN.
1120 2149 1235 2203 Quid
1260 2152 1345 2192 est?

331 2211 417 2265 Qui
448 2212 584 2253 minus
616 2226 742 2265 quam
775 2213 979 2254 Hercules
1017 2213 1186 2254 seruiuit
1220 2199 1480 2268 Omphalae?

786 2273 867 2316 GN.
900 2274 1152 2330 Exemplum
1177 2276 1323 2330 placet.

331 2325 505 2378 Vtinam
529 2336 603 2377 tibi
628 2337 889 2392 conmitigari
914 2338 1077 2378 uideam
1105 2339 1292 2379 sandali&
1319 2339 1461 2394 eaput!

335 2399 421 2441 Sed
450 2399 561 2440 fores
592 2401 842 2454 crepuerunt
878 2400 930 2440 ab
970 2415 1030 2441 ea.
1096 2400 1174 2441 ΤΗ.
1212 2401 1342 2442 Perii:
1381 2402 1480 2455 quid
1515 2413 1531 2439 5

783 2462 861 2503 hoc
886 2464 1065 2503 autemst.
1088 2463 1211 2503 mali?

334 2525 460 2565 Hunc
491 2538 570 2579 ego
601 2537 830 2578 numquam
862 2524 1049 2565 uideram
1080 2525 1220 2566 etiam:
1253 2526 1352 2579 quid
1382 2541 1478 2567 nam

784 2586 850 2627 hic
874 2601 1099 2642 properans
1125 2588 1305 2643 prdsilit?
