1700 2984
136 161 202 207 Ν,
221 163 308 197 1-3

130 976 198 1008 1v,2

147 1600 180 1624 10

706 159 975 197 EVNVCHVS
1401 150 1478 192 127

315 231 510 293 Acceme,
531 250 576 283 ut
596 242 770 284 delectet
789 243 857 284 hic
876 243 978 283 nos.⁷
1018 242 1091 283 illa
1117 241 1361 297 [exclamat]
1387 242 1482 282 ‘mi-
1506 251 1571 286 625

763 320 889 346 nume
914 304 1119 360 gentium:

316 355 365 408 I'n
392 367 633 408 conuiuium
657 366 814 408 illam?
840 367 957 408 miles
982 366 1168 408 te'ndere:
1201 365 1296 407 inde
1322 366 1375 407 ad
1398 365 1481 406 iul·-

762 429 890 484 gium.

313 479 479 533 interea
509 506 657 532 aurum
682 490 760 531 sibi
785 492 891 532 clam
916 491 1064 533 mulier
1089 490 1229 540 de'mit,
1261 490 1331 532 dat
1355 491 1411 531 mi
1436 498 1481 531 ut

763 554 962 595 auferam.

314 618 410 659 Hoc
436 625 496 659 est
521 617 648 674 signi:
680 617 752 658 ubi
777 619 956 672 primum
981 617 1144 672 poterit,
1177 632 1219 657 se
1246 617 1357 657 illinc
1383 617 1481 658 sub-

763 680 885 720 ducet
911 680 1009 721 scio.

537 832 832 874 ΡΗΑΕΒΒῙΑ
928 832 1146 874 ΒοΒΙΑε

553 903 808 931 ADVLESCENS
945 903 1117 930 ANcmLA

313 963 428 1004 Dum
454 964 522 1004 rl'ls
549 978 611 1011 eo,
638 963 756 1017 coepi
781 964 949 1017 egomet
973 976 1137 1002 mecum
1163 961 1269 1002 inter
1293 961 1396 1011 uias,

312 1027 378 1066 Ita
401 1027 446 1066 ὑὶ
470 1026 528 1074 fit,
554 1025 625 1066 ubi
652 1025 752 1078 quid
777 1026 818 1065 1'n
844 1025 1022 1067 animost
1047 1024 1273 1072 molestiae,
1506 1028 1574 1063 630

311 1088 452 1129 Aliam
476 1103 562 1129 rem
588 1102 638 1128 ex
665 1087 745 1128 alia
770 1087 955 1142 cogitare
981 1094 1021 1126 et
1046 1101 1094 1127 ea
1120 1086 1258 1126 omnia

310 1150 503 1192 Peiorem
524 1150 566 1190 in
585 1158 760 1205 partem.
799 1149 901 1203 qul'd
919 1156 1042 1203 opust
1067 1148 1232 1189 uerbis?
1255 1147 1354 1188 dum
1379 1148 1482 1190 haec

763 1219 878 1267 puto,

311 1275 515 1316 Praeterii
539 1274 767 1329 inprudens
793 1274 949 1315 uillam.
998 1274 1123 1328 longe
1148 1273 1231 1314 iam
1255 1273 1453 1322 abieram,

312 1337 453 1389 Quom
473 1337 601 1378 sensi:
626 1336 752 1378 redeo
772 1337 950 1385 rursum,
976 1337 1083 1377 male
1104 1337 1204 1377 uero
1225 1351 1290 1376 me
1311 1335 1481 1377 habens.

309 1400 394 1442 Vbi
420 1400 472 1440 ad
495 1401 634 1455 ipsum
659 1399 755 1440 ueni
781 1398 1101 1447 deuorticulum‚
1127 1398 1312 1439 constiti:
1507 1403 1573 1437 635

311 1460 472 1517 Occepi
496 1476 660 1503 mecum
687 1461 869 1516 cogitare
895 1461 1023 1510 ‘hem,
1050 1461 1223 1502 biduom
1248 1461 1315 1502 hic

309 1524 610 1565 Manendumst
635 1524 710 1564 soli
736 1525 823 1564 sine
848 1523 944 1564 illa?
969 1524 1070 1577 quid
1095 1531 1182 1564 tum
1206 1524 1375 1578 postea?

310 1587 382 1628 Nil
406 1588 481 1628 est.
530 1586 656 1640 quid?
680 1586 762 1627 nil?
787 1586 821 1626 si
845 1587 925 1627 non
951 1586 1150 1640 tangendi
1176 1586 1347 1641 copiast,

310 1649 418 1698 Eho,
443 1651 495 1690 ne
521 1649 692 1690 uidendi
717 1648 886 1702 quidem
912 1648 1013 1689 erit?
1037 1648 1071 1689 si
1096 1648 1200 1689 illud
1223 1650 1307 1690 non
1334 1649 1441 1697 licet,

311 1711 471 1753 Saltem
495 1712 574 1752 hoc
599 1711 751 1753 licebit.
802 1712 912 1752 certe
937 1718 1121 1751 extrema
1147 1711 1256 1752 linea
1508 1721 1574 1755 640

309 1775 466 1815 Amare
491 1774 603 1814 haud
629 1773 685 1813 nil
711 1774 800 1814 est.’
853 1773 996 1813 uillam
1022 1774 1236 1828 praetereo
1264 1773 1411 1814 sciens.

311 1835 396 1878 Sed
444 1836 543 1890 quid
591 1836 688 1884 hoo,
737 1835 849 1889 quod
897 1835 1042 1876 timida
1085 1836 1221 1875 subito
1271 1836 1484 1891 egreditur

758 1898 962 1952 Pythias?

366 2046 615 2087 PYrrmAs
710 2045 927 2087 DORIAS
1021 2045 1315 2086 PHAEDRIA

386 2118 583 2145 ANciLLAn
802 2118 829 2142 11
1036 2117 1291 2143 ADVLESCENS

129 2177 274 2221 1v‚an.
306 2164 391 2219 Vbi
427 2192 505 2231 ego
541 2176 659 2217 illum
697 2176 948 2217 scelerosum
985 2176 1136 2217 misera
1168 2184 1292 2231 atque
1324 2177 1482 2232 inpium

196 2425 261 2466 ΡΥ

759 2239 995 2279 inueniam?
1020 2239 1090 2279 aut
1114 2239 1186 2279 uhi
1212 2241 1436 2292 quaeram?

312 2301 474 2343 Hocine
511 2310 595 2343 tam
633 2301 770 2343 audax
808 2302 969 2342 facinus
1005 2301 1142 2342 facere
1179 2317 1268 2342 esse
1311 2302 1481 2344 ausum!

757 2364 835 2404 ΡΗ.
860 2363 992 2404 Perii:
1020 2364 1097 2404 hoc
1123 2364 1223 2417 quid
1249 2364 1299 2405 sit
1318 2380 1479 2406 uereor.

266 2459 273 2467 .
306 2425 419 2479 Quin
453 2427 574 2467 etiam
606 2427 776 2481 insuper
802 2427 950 2476 scelus,
983 2435 1204 2481 postquam
1230 2427 1483 2469 ludificatust
1507 2438 1573 2472 645

759 2490 978 2544 uirginem,

310 2552 482 2593 Vestem
531 2553 697 2593 omnem
744 2551 919 2593 miserae
969 2551 1152 2600 discidit,
1207 2560 1294 2593 tum
1349 2554 1481 2608 ipsam

763 2614 912 2669 capillo
938 2614 1151 2656 conscidit.

163 2688 179 2713 5
197 2676 275 2717 PH.
309 2677 433 2717 Hem.
493 2676 569 2717 ΡΥ.
606 2676 692 2729 Qui
717 2692 829 2717 nunc
855 2677 887 2716 si
914 2677 1034 2717 detur
1058 2676 1172 2725 mihi,
