1664 2984
703 210 926 237 PRAEFATIO
1465 204 1499 233 X
1504 203 1532 232 V

105 288 333 322 distributione
360 288 397 320 et
422 284 524 318 titulis
550 293 665 328 nuper
692 284 800 316 Andr.
828 282 867 316 Ρ.
877 283 996 324 Barth,
1014 281 1071 315 De
1084 281 1212 315 infinit.
1227 292 1285 326 ap.
1301 292 1418 315 scaen.
1434 283 1530 325 poet.

105 334 250 376 Spenyez
271 331 351 372 (SB.
375 330 410 363 d.
427 329 529 372 bayr.
544 328 614 361 Ak.
635 328 721 372 phil.
747 326 799 360 Cl.
872 328 932 361 lat.
952 338 1019 361 usu
1035 326 1144 367 (Diss.
1162 327 1284 371 inaug.
1300 326 1400 371 Lips.
1416 326 1530 369 1881).

107 378 193 413 1883
209 377 245 411 ΙΙ
261 389 295 422 p.
315 374 504 416 257—-298)
529 373 709 407 subtiliter
731 372 800 405 dis·
830 374 896 406 Bu.
919 391 963 402 ==
983 371 1025 405 P.
1050 371 1212 405 Terentii
1235 371 1317 405 Afri
1346 382 1434 405 com.
1459 381 1531 405 rec.

105 421 254 467 putavit.
303 430 370 465 ego
399 419 549 461 omissis,
577 422 618 451 ut
642 429 709 463 par
737 420 802 460 est,
873 417 975 451 Rich.
990 415 1412 461 Bentleiusffiantabrig.
1432 415 1531 457 1726,

105 467 267 501 omnibus
284 465 436 510 argutiis
453 474 513 498 eas
530 463 686 497 rationes
704 473 802 496 secu-
874 462 1201 505 Amstelaed.17273
1215 466 1328 506 repet.
1338 460 1533 505 Lips.1792

58 521 64 528 ·
104 516 162 546 tus
183 523 271 547 sum.
295 521 386 554 quas
407 510 479 543 iam
503 508 558 542 ed.
582 520 627 544 m.
650 507 767 542 Teub.
786 507 803 540 1
875 511 910 541 et
926 507 992 540 Ed.
1007 506 1194 550 Vollbehr,
1213 507 1335 540 Kiliae
1354 506 1466 548 1846).

105 569 140 602 p.
159 556 203 590 24
224 555 392 589 indicavi.
438 564 549 587 novas
570 553 684 598 igitur
706 563 803 586 scae-
830 551 1100 595 Ben.B0rn,De
1113 551 1266 585 diverbii
1279 563 1302 585 a
1331 552 1432 585 .Ter.
1442 561 1531 585 vers.

104 613 168 635 nas
195 601 247 635 ibi
275 600 498 645 (plerumque
531 609 611 632 cum
639 598 730 632 libro
757 598 804 639 A)
875 597 1014 643 (Progr.
1034 597 1264 642 Magdeburg
1280 564 1391 637 1368).

104 646 253 688 seiunxi,
269 645 331 679 ubi
347 645 403 678 vel
421 655 514 678 nova
528 653 694 688 persona,
712 653 803 688 quae
831 643 956 676 Bothel
987 642 1044 676 vel
1075 643 1203 676 Bothe2
1235 657 1278 667 =
1311 641 1353 676 P.
1384 640 1535 676 Terenti

104 702 175 725 non
193 695 247 725 est
265 701 408 736 prorsus
432 689 655 731 secundaria,
681 687 805 721 introit
877 699 962 722 com.
995 688 1048 721 ed.
1071 687 1189 721 Bothe
1212 687 1341 725 (Berol.
1367 687 1454 721 1806
1475 686 1535 720 vel

103 737 140 770 in
157 747 323 770 scaenam
344 736 402 769 vel
424 733 666 779 praesentium
684 732 804 778 aliqua
876 732 1124 767 Halberstadii
1139 732 1248 775 1822).
1265 753 1307 758 --
1320 734 1427 766 Bothe
1444 731 1534 774 (sine

105 781 269 824 discedit,
288 780 446 825 exceptis
458 789 542 813 vero
559 779 610 813 eis
626 778 726 821 locis,
743 778 805 811 ubi
876 782 1036 821 numero)
1060 788 1271 812 consensum
1287 777 1438 811 duarum
1456 776 1534 811 illa-

104 831 185 872 post
212 837 361 871 parvum
388 824 614 858 intervallum
642 824 679 857 in
707 833 805 857 scae-
874 835 953 857 rum
971 822 1166 857 editionum
1183 822 1330 856 indicat.

104 872 286 906 namredit
296 871 439 915 velpost
449 870 644 903 discessum
653 868 805 902 alieuius
832 870 947 910 Bothe,
966 868 1004 902 Z.
1023 868 1048 901 f.
1066 868 1110 901 A.
1125 868 1296 902 :Bothe
1308 868 1345 901 in
1361 867 1534 902 Zeitschr.

104 928 278 962 personae
307 927 370 950 eae
399 925 491 960 quae
523 917 660 948 restant
690 924 807 958 pauca
877 914 901 946 f.
927 914 959 947 d.
984 913 1138 947 Alterth.
1165 913 1257 946 wiss.
1280 913 1382 948 VIII.
1406 912 1534 958 Jahrg.

107 966 246 996 tantum
274 972 341 996 nec
369 971 460 1005 quae
488 960 610 1004 magni
636 959 806 993 momenti
877 959 964 993 1841
981 958 1048 993 No.
1066 958 1130 992 123
1146 958 1182 992 ff.

105 1012 198 1050 sunt,
216 1008 418 1051 loquuntur.
466 1005 669 1038 nominibus
686 1014 805 1048 perso·
833 1004 970 1038 Theod.
994 1005 1152 1045 Bramme,
1183 1003 1330 1038 Observ.
1356 1014 1469 1048 gram.
1501 1005 1538 1036 et

105 1064 231 1086 narum
269 1051 426 1097 partium
465 1061 607 1095 quoque
646 1049 804 1094 appella-
878 1050 954 1083 crit.
979 1049 1027 1082 ad
1048 1060 1151 1082 usum
1178 1050 1236 1088 ita,
1266 1050 1314 1082 sic
1337 1053 1405 1082 etc.
1423 1048 1535 1089 (Diss.

105 1099 220 1132 tiones
237 1096 373 1139 addidi,
396 1095 530 1141 quippe
549 1106 640 1140 quae
656 1095 694 1128 in
711 1094 805 1128 codi-
877 1094 997 1139 inaug.
1017 1094 1135 1127 Berol.
1156 1094 1266 1135 1881).

105 1143 207 1178 cibus
216 1142 372 1176 traditae
387 1145 506 1175 essent
519 1144 555 1174 et
567 1141 613 1174 ad
622 1143 807 1174 contextus
834 1140 914 1174 Osc.
932 1141 1121 1183 Bruqman,
1140 1138 1351 1179 Quemadm.
1372 1138 1408 1172 in
1425 1138 1535 1173 iamb.

106 1188 348 1234 cognitionem
390 1186 553 1220 nonnihil
590 1185 804 1219 conferrent.
878 1195 950 1218 sen.
969 1185 1071 1218 Rom.
1089 1189 1158 1218 vet.
1177 1185 1274 1218 verb.
1297 1187 1435 1218 accent.
1457 1195 1539 1218 cum

106 1244 256 1279 graecas
287 1237 407 1266 autem
444 1231 601 1274 litteras,
641 1241 732 1275 quae
770 1230 807 1264 in
877 1242 970 1264 num.
1005 1229 1244 1264 consociarint
1271 1229 1381 1271 (Diss.
1415 1230 1535 1275 inaug.

105 1277 362 1323 antiquissimis
384 1277 485 1311 libris
515 1277 561 1310 ad
584 1276 805 1321 distinguen-
877 1275 1025 1309 Bonnae
1044 1275 1155 1318 1874).

107 1325 171 1358 das
199 1334 369 1368 personas
393 1322 621 1363 adhibentur,
648 1321 806 1365 ipsorum
836 1322 997 1361 Com-adt,
1015 1320 1111 1354 Diss.
1132 1338 1173 1348 =
1191 1319 1271 1354 Car.
1292 1319 1461 1363 Conradt,
1479 1319 1538 1353 De.

106 1369 288 1403 nominum
324 1368 452 1401 litteris
490 1367 688 1400 initialibus
726 1366 806 1399 sub·
876 1377 967 1400 vers.
987 1366 1070 1399 Ter.
1094 1369 1272 1399 structura
1285 1365 1394 1406 (Dies.
1413 1365 1536 1410 inaug.

106 1414 253 1448 stituere
281 1424 352 1447 non
379 1413 536 1447 animum
558 1412 694 1455 induxi,
723 1411 808 1455 quia
877 1411 1128 1453 Ber01.1870).

107 1458 357 1504 perspicuitati
379 1462 462 1492 ante
480 1457 599 1491 omnia
622 1458 806 1491 consulen-
837 1458 987 1491 Commii
1003 1474 1045 1484 Ξ
1064 1455 1144 1489 Car.
1171 1455 1340 1496 Conradt,
1362 1456 1409 1490 D.
1434 1459 1526 1491 metr

108 1505 204 1548 dum,
231 1515 302 1538 non
322 1504 510 1538 vetustatis
532 1502 678 1547 aliquod
702 1503 806 1536 doeu-
879 1500 1042 1546 Compos.
1069 1502 1101 1535 d.
1123 1500 1221 1536 Com.
1247 1502 1279 1535 d.
1300 1501 1384 1534 Ter.
1403 1501 1540 1540 (Berlin

107 1554 264 1584 mentum
273 1549 587 1594 redintegrandum
596 1552 682 1582 erat.
690 1558 806 1592 quam—
880 1548 990 1590 1876).

109 1606 215 1640 quam
229 1594 422 1628 falsusAlb.
433 1594 551 1627 Wilms
564 1597 617 1627 est
630 1593 700 1632 (De
714 1604 805 1638 pers.
834 1594 950 1627 Pkor.t
978 1592 1037 1625 vel
1064 1593 1144 1626 Ad.t
1166 1611 1209 1621 Ξ
1232 1592 1402 1636 Ausgew.
1431 1590 1538 1626 Korn.

107 1645 178 1674 not.
202 1640 239 1673 in
263 1640 339 1673 cod.
365 1639 449 1673 Ter.
469 1638 585 1672 Halae
609 1638 720 1681 1881),
747 1638 807 1682 qui
879 1638 912 1671 d.
944 1638 1028 1671 Ter.
1063 1637 1150 1671 erkl.
1184 1647 1253 1670 von
1287 1636 1325 1670 C.
1359 1636 1540 1671 Dziatzko

108 1685 241 1720 codicis
254 1684 420 1718 Bembini
434 1684 576 1717 demum
593 1688 711 1718 aetate
728 1694 806 1728 per·
879 1682 1106 1727 (Leipzig-,R
1117 1681 1159 1717 Gr.
1170 1683 1353 1723 Teubner)
1382 1683 1409 1715 Ι.
1426 1683 1539 1716 Phor-

108 1742 212 1765 sonas
228 1729 368 1775 graecis
382 1729 513 1763 litteris
527 1729 689 1763 denotari
704 1740 806 1773 coep·
879 1729 960 1762 mio.
978 1728 1075 1762 1874.
1101 1728 1149 1763 ΙΙ.
1163 1728 1365 1772 Adelphoe.
1383 1730 1480 1762 1881.
1495 1748 1541 1753 —u

106 1781 247 1810 tasesse
259 1775 807 1819 autumat,utvelindeapparet,
879 1775 921 1808 In
940 1773 1157 1807 Phormione
1184 1778 1220 1807 et
1242 1773 1420 1817 Adelphis
1448 1773 1539 1819 ipsis

109 1821 204 1866 quod
220 1821 391 1854 librorum
409 1818 724 1864 Calliopianorum,
748 1819 809 1864 qui
880 1819 1013 1853 fabulis
1030 1818 1128 1863 prior
1153 1818 1263 1852 editio
1284 1823 1371 1852 nota
1386 1820 1471 1852 Dz.1
1487 1819 1540 1853 in-

108 1867 183 1900 sine
216 1866 325 1900 dubio
353 1877 423 1900 non
453 1869 535 1899 sunt
563 1876 605 1898 ex
634 1865 698 1898 illo
728 1865 807 1909 ipso
880 1865 1032 1899 dicatur.

108 1911 306 1954 derivandi,
335 1910 448 1944 falsae
472 1910 664 1944 nonnullae
686 1909 807 1944 lectio·
834 1908 1538 1955 Aug.Godf.Enqubrecht,StudTerent.

108 1968 170 1991 nes
187 1968 228 1990 ex
246 1956 339 1990 falsa
349 1956 476 1989 talium
489 1955 687 1990 litterarum
700 1955 808 1989 inter-
880 1955 1048 1998 (vindob.
1069 1955 1182 1997 1883).

108 2001 309 2047 pretatione
332 2000 522 2035 manifesto
546 2006 689 2034 exortae
715 2004 806 2034 sunt.
836 2002 885 2035 Π.
909 2020 954 2030 =
975 2000 1017 2037 P.
1046 2000 1196 2034 Terenti
1226 2011 1314 2034 com.
1344 2012 1415 2035 rec.
1445 2000 1539 2035 Alfr.

110 2048 328 2081 luculentum
359 2047 434 2081 eius
471 2046 525 2080 rei
557 2046 809 2080 documentum
880 2045 1096 2080 Fleckeisen
1113 2046 1227 2090 (Lips.
1247 2046 1357 2084 1857).

109 2093 252 2127 (Heaut.
273 2093 351 2135 611)
374 2092 411 2125 in
427 2091 497 2125 Rh.
521 2091 613 2125 Mus.
632 2091 727 2125 XXI
743 2091 810 2126 314
836 2092 963 2125 Franc.
981 2092 1098 2134 Guyet‚
1117 2092 1159 2125 In
1173 2091 1257 2127 Ter.
1277 2102 1365 2124 com.
1380 2091 1434 2126 VI
1448 2102 1541 2126 com-

111 2138 203 2181 erui3
251 2137 324 2171 alia
367 2137 529 2181 exempla
574 2137 666 2171 haec
712 2140 808 2170 sunt:
880 2139 989 2170 ment.
1008 2138 1212 2182 (Argentor.
1233 2136 1344 2180 1657).

110 2183 241 2216 Heaut.
261 2182 326 2217 631
343 2184 374 2222 (ς
389 2189 425 2216 ατ
445 2183 574 2226 rogitas
598 2193 640 2216 ex
656 2184 697 2216 A.
721 2183 809 2226 royz'-
838 2183 938 2216 Edm.
960 2183 1104 2223 Hauler,
1129 2181 1350 2215 Terentiana
1370 2182 1541 2226 (vindob.

110 2231 192 2271 tas),
218 2227 325 2261 Phor.
344 2227 410 2262 743
426 2229 459 2264 (υ
477 2234 524 2261 est
548 2238 589 2261 ex
607 2228 647 2261 E.
664 2230 723 2269 st),
746 2228 812 2261 850
883 2227 994 2269 1882).

110 2274 303 2317 (uapulabis
316 2256 459 2306 inDElf.
473 2273 529 2306 vel
545 2274 627 2305 —bo
639 2271 812 2306 in1302P2
839 2273 983 2307 Maxim.
1010 2274 1165 2313 Hoelzer,
1190 2272 1247 2306 De
1270 2272 1436 2317 interpol.
1456 2272 1542 2308 Ter.

111 2329 152 2353 cx
165 2318 387 2362 ααριιία.Β.);
403 2318 474 2351 alia
487 2318 602 2351 minus
618 2321 717 2351 certa
731 2328 811 2351 con·
884 2318 992 2357 (Diss.
1011 2318 1132 2363 inaug.
1153 2317 1235 2353 Hal.
1255 2317 1335 2352 sax.
1355 2318 1466 2361 1878).

115 2363 205 2397 sulto
223 2363 551 2407 praetermittimus.
840 2363 905 2397 Ed.
937 2364 1123 2406 Kellerhof,
1157 2363 1214 2396 De
1248 2363 1410 2397 collocat.
1443 2363 1543 2397 verb.

155 2408 369 2453 Priusquam
381 2418 465 2442 vero
479 2409 525 2442 ad
537 2409 654 2453 ipsam
666 2408 812 2442 adnota-
886 2408 1056 2441 Plautina
1070 2414 1207 2453 quaest.
1222 2409 1284 2442 sel.
1297 2408 1405 2449 (Diss.
1419 2410 1544 2454 inaug.

112 2454 244 2488 tionem
267 2453 426 2487 criticam
449 2457 683 2495 transeamus,
707 2464 815 2498 quam
887 2456 1078 2498 Argentor.
1095 2454 1205 2494 1881).

111 2498 224 2533 textui
242 2498 445 2532 fabularum
468 2499 740 2542 praemittimus,
764 2499 814 2531 in·
843 2500 925 2532 Ant.
944 2500 1064 2539 Klette,
1087 2499 1241 2532 Exercit.
1267 2499 1414 2533 Terent.
1434 2498 1544 2542 (Diss.

112 2543 271 2578 diculum
284 2554 406 2578 earum
420 2543 617 2577 editionum
629 2549 737 2588 atque
747 2544 815 2577 dis·
887 2545 1009 2589 inaug.
1028 2544 1176 2578 Bonnae
1194 2544 1304 2585 1855).

113 2589 358 2631 sertationum,
370 2599 461 2633 quae
475 2589 619 2633 saepius
632 2589 735 2622 nobis
747 2599 817 2622 uno
844 2590 913 2623 Ad.
923 2591 1027 2629 Koch,
1038 2589 1192 2623 Exercit.
1204 2590 1278 2623 crit.
1288 2591 1325 2623 in
1335 2590 1440 2634 prise.
1451 2594 1546 2634 poet.

114 2634 269 2668 auctoris
279 2633 633 2668 nomiuelaudandae
645 2639 819 2677 sunt,una
889 2645 975 2668 rom.
995 2634 1104 2670 (Dies,
1127 2634 1248 2679 inaug.
1267 2634 1415 2669 Bonnae
1435 2636 1546 2673 1851).

114 2691 193 2713 cum
209 2679 430 2724 compendiis
445 2679 694 2712 nonnullorum
708 2680 818 2714 nomi-
846 2679 878 2714 J.
898 2679 1111 2723 Knem'yhoff,
1130 2680 1281 2713 Dissert.
1301 2681 1447 2715 Terent.
1469 2676 1546 2716 erit.

114 2735 198 2758 num
214 2726 270 2758 vcl
290 2725 480 2758 verborum
497 2724 730 2759 subiciemus:
891 2725 1031 2770 (Progr.
1047 2724 1152 2759 Trier
1169 2726 1280 2770 1877),
