1700 2984
273 187 354 230 ‘256
780 194 1053 230 ADELPHOE
1517 192 1583 235 111,
1600 193 1621 228 4

383 278 550 326 Alieno,
577 285 695 333 pater
721 277 808 318 eius
833 277 905 318 nili
933 276 1088 332 pendit.
1138 277 1176 316 ei
1199 275 1313 325 mihi,

385 341 556 384 Vtinam
587 340 653 381 hic
689 353 818 394 prope
850 339 1014 380 adesset
1048 337 1202 379 alieubi
1239 346 1364 390 atque
1395 335 1555 377 audiret

835 400 956 442 haec!

272 466 355 506 ΗΕ.
386 464 477 505 Nisi
509 463 662 505 faioient
688 476 794 516 quae
826 463 917 504 illos
948 463 1177 515 aequomst,
1210 460 1323 502 haud
1352 460 1411 502 sic
1441 459 1556 501 aufe-

833 533 936 566 rent.

180 594 247 628 455
273 587 353 630 GE.
385 588 435 628 In
459 589 499 628 te
525 602 618 642 spes
644 587 789 636 omnis,
817 586 971 641 Hegio,
998 585 1118 626 nobis
1144 585 1280 626 sitast:

383 651 445 691 Te
471 651 602 691 selum
627 650 844 698 habemus,
871 650 915 690 tu
940 664 983 690 es
1008 657 1220 703 patronus,
1248 648 1294 688 tl'J.
1318 654 1451 702 pater:
1575 659 1605 684 10

382 713 458 753 Ille
484 712 559 753 tibi
590 712 769 753 moriens
795 713 868 753 nes
895 710 1203 753 commendauit
1229 725 1373 751 senex:

385 774 431 816 Si
457 774 610 816 deseris
637 783 694 823 tu,
719 775 928 830 periimus.
990 775 1072 814 ΗΕ.
1101 771 1219 814 Caue
1245 772 1415 814 dixeris:

381 837 530 891 Neque
578 837 729 877 faciam
776 851 912 890 neque
954 851 1020 878 me
1067 836 1167 876 setis
1214 835 1281 890 pie
1330 849 1450 890 posse
1491 834 1556 874 er-

834 899 976 939 bitror.

179 966 246 1000 460
270 961 351 1002 DE.
383 961 537 1003 Adibo.
565 962 726 1003 saluere
752 961 991 1017 Hegionem
1016 960 1240 1015 plurimum

382 1025 526 1067 Iubeo.
593 1026 674 1065 ΗΕ.
722 1010 812 1073 Oh,
862 1032 901 1065 te
938 1024 1191 1077 quaerebam
1227 1024 1383 1077 ipsum:
1426 1021 1554 1070 salue,
1574 1031 1607 1056 15

832 1086 1008 1127 Demea.

269 1149 350 1190 DE.
384 1148 497 1200 Quid
523 1150 685 1190 autem?
735 1150 816 1189 ΗΕ.
844 1148 982 1188 Maior
1005 1148 1118 1189 filius
1143 1155 1236 1188 tuos
1263 1145 1514 1194 Aeschinus,

385 1211 523 1262 Quem
549 1211 664 1252 frzitri
690 1210 974 1265 adoptandum
1001 1210 1164 1259 dedisti,
1189 1210 1326 1263 neque
1350 1208 1449 1250 boni

381 1274 529 1327 Neque
554 1274 735 1315 liberalis
762 1274 928 1313 functus
954 1272 1179 1313 officinmst
1204 1272 1294 1312 uiri.

179 1341 245 1375 465
271 1336 351 1377 DE.
384 1336 499 1387 Quid
523 1336 629 1377 istuc
655 1337 740 1378 est?
789 1337 871 1375 ΗΕ.
898 1335 1099 1375 Nostrum
1131 1336 1310 1375 amicum
1341 1347 1463 1374 noras
1489 1330 1556 1374 Si-

833 1397 992 1438 mulum

383 1461 643 1515 Aequzilem?
690 1459 773 1501 DE.
805 1458 921 1512 Quid
950 1459 1016 1500 ni?
1064 1459 1146 1500 ΗΕ.
1171 1459 1322 1500 Filiam
1355 1458 1444 1499 eius
1472 1459 1555 1498 uir·
1574 1469 1606 1493 20

832 1522 972 1576 ginem

381 1585 569 1629 Vitiaiuit.
610 1584 692 1625 DE.
714 1585 839 1626 Hem.
878 1585 960 1624 ΗΕ.
985 1583 1133 1625 Mane:
1159 1584 1240 1624 non
1265 1583 1365 1624 dum
1390 1582 1554 1631 audisti,

835 1645 1011 1695 Demea,
1153 1695 1160 1707 ‚

381 1709 509 1763 Quod
539 1711 602 1751 est
638 1708 960 1764 grauissumum.
1019 1707 1101 1748 DE.
1134 1709 1204 1748 An
1234 1707 1457 1761 quicquam
1494 1713 1556 1748 est

830 1771 954 1812 etiam
977 1770 1181 1825 emplius?

270 1837 351 1876 ΗΕ.
385 1835 496 1877 Vero
522 1834 700 1889 {implius
710 1851 720 1883 ;
746 1849 843 1874 nam
868 1833 947 1875 hoc
973 1833 1142 1887 quidem
1167 1832 1391 1874 ferundum
1416 1832 1555 1886 alique

833 1896 1014 1937 modost:

179 1973 244 2008 470
380 1959 595 2001 Persuesit
619 1973 702 2000 nox
727 1959 840 1999 amer
863 1959 1008 1999 uinum
1035 1957 1334 1998 adulescentia:

383 2024 681 2063 Humenumst.
737 2021 810 2062 ubi
847 2021 921 2062 scit
958 2020 1129 2069 factum,
1167 2020 1219 2060 ad
1256 2028 1429 2060 matrem
1472 2021 1555 2060 uir·
1573 2031 1607 2056 25

835 2084 942 2139 ginis

382 2148 509 2191 Venit
533 2149 648 2203 ipsus
674 2147 782 2187 ultro
807 2147 1042 2188 lacrumans
1069 2160 1190 2186 orans
1216 2145 1437 2186 ebsecrans

382 2212 531 2253 Fidem
555 2211 672 2260 dans,
697 2211 839 2251 iurans
866 2225 908 2251 se
933 2210 1045 2250 illam
1074 2209 1294 2249 ducturum
1320 2208 1503 2249 domum.

383 2275 634 2330 Ignotumst‚
660 2273 886 2322 tacitumst,
914 2273 1166 2314 creditumst.
1217 2271 1337 2326 uirgo
1362 2272 1413 2312 ex
1438 2286 1486 2313 eo

180 2347 247 2382 475
384 2337 639 2393 Compressu
693 2336 868 2392 grauida
927 2335 1078 2377 factast
1132 2335 1302 2386 (mensis
1355 2334 1554 2375 decumus

832 2400 929 2450 est):

384 2462 460 2503 Ille
485 2462 618 2502 bonus
643 2460 709 2501 uir
733 2460 851 2501 nobis
876 2459 1102 2514 psziltriam,
1130 2458 1163 2499 si
1188 2457 1250 2499 dis
1275 2457 1426 2513 placet,
1574 2468 1608 2494 30

383 2524 568 2571 Parziust,
594 2522 762 2576 quicum
789 2523 922 2570 uiuat3
949 2522 1060 2562 illam
1087 2520 1251 2561 deserit.

272 2588 340 2628 Da
384 2587 467 2628 Pro
494 2587 636 2627 certon
660 2593 704 2626 tu
730 2585 858 2626 istaec
883 2584 1010 2625 dicis?
1058 2584 1140 2624 ΗΕ.
1166 2583 1307 2624 Mater
1331 2581 1505 2637 uirginis

386 2650 434 2689 In
462 2648 650 2696 mediost‚
676 2648 767 2703 ipsa
791 2649 924 2701 uirgo,
950 2662 1015 2688 res
1041 2646 1144 2701 ipsa,
1170 2645 1235 2686 hic
1263 2644 1371 2687 Geta

181 2712 248 2747 480
382 2711 618 2759 Praeterea,
644 2718 688 2750 ut
715 2717 859 2765 captus
885 2711 945 2750 est
972 2723 1201 2757 seruorum,
1227 2709 1307 2748 nen
1333 2708 1466 2748 malus
