1700 2984
252 193 335 236 114
758 200 1028 238 Evacflvs
1507 205 1557 250 11,
1573 205 1595 240 2

361 283 469 325 Tam
487 285 564 326 etsi
576 283 726 325 bonast
738 283 899 332 natura,
914 283 1092 325 reddunt
1105 284 1299 326 curatura
1316 284 1526 327 iunceam:
1547 298 1580 323 25

363 345 512 401 Itaque
536 347 637 401 ergo
662 353 866 387 amantur.
915 344 993 386 ΡΑ.
1021 345 1135 399 Quid
1160 354 1232 388 tua
1255 347 1407 389 istaec?
1449 346 1528 389 Cn.

810 407 933 449 Noua
957 408 1092 463 figura
1116 410 1210 449 oris.
1257 408 1338 449 ΡΑ.
1370 408 1528 465 Papae.

251 469 329 512 Cn.
362 469 491 513 Color
513 471 652 520 uerus,
679 484 828 525 corpus
848 470 1026 512 solidum
1051 478 1092 512 et
1115 471 1202 512 suci
1226 471 1409 526 plenum.
1451 471 1529 512 ΡΑ.

813 533 950 574 Anni?
993 530 1069 575 Cn.
1096 533 1236 574 Anni?
1262 533 1455 575 sedecim.

248 593 327 636 ΡΑ.
358 593 458 635 Flos
481 595 584 650 ipse.
629 592 706 636 Cn.
734 594 855 636 Nunc
878 595 985 636 hanc
1004 596 1050 636 tu
1069 595 1170 636 mihi
1188 595 1257 637 uel
1275 596 1318 637 ui
1337 596 1404 637 uel
1425 597 1531 638 clam

809 657 877 699 uel
903 658 1089 713 precario

159 728 228 763 320
360 719 448 761 Fac
473 719 631 760 treidas:
657 734 751 761 mea
774 719 833 760 nil
856 720 901 760 re
925 720 1018 768 fert,
1045 720 1145 760 dum
1170 719 1304 775 potiair
1328 720 1465 761 modo.

249 780 327 823 ΡΑ.
360 780 498 834 Quid?
517 783 637 836 uirgo
657 781 844 836 quoiast?
887 780 965 823 CH.
986 782 1137 823 Nescio
1158 781 1307 823 hercle.
1349 782 1427 823 PA.
1443 782 1533 824 Vn·
1550 794 1583 819 ³0

812 844 926 885 dest?
959 843 1037 884 Cn.
1052 843 1332 885 Tantundem.
1358 843 1534 887 PA.Vbi

815 906 1000 947 habitat?
1374 955 1381 966 ν

253 967 331 1010 Cn.
363 967 427 1010 Ne
463 967 506 1009 id
541 967 724 1022 quidem.
783 967 860 1009 ΡΑ.
894 968 981 1011 Vbi
1017 968 1183 1009 uidisti?
1244 967 1321 1010 Cn.
1363 968 1414 1009 In
1450 968 1531 1010 uia.

812 1030 890 1071 ΡΑ.
929 1029 1028 1083 Qua
1052 1031 1209 1072 ratione
1235 1031 1432 1072 amisisti?

253 1091 331 1134 CH.
363 1092 414 1133 Id
438 1092 634 1146 equidem
658 1092 884 1134 adueniens
903 1094 1068 1133 mecum
1087 1092 1377 1134 stomachabar
1394 1093 1532 1142 modo,

364 1153 406 1196 N
409 1169 455 1197 ec
480 1155 733 1208 quemquam
760 1169 838 1210 ego
865 1170 955 1196 esse
981 1155 1191 1197 hominem
1215 1155 1405 1205 airbitror,
1436 1155 1534 1209 quoi

813 1218 946 1273 magis
972 1218 1106 1258 bonae

161 1283 229 1318 325
365 1278 604 1321 Felicitates
631 1279 773 1320 omnes
799 1279 1002 1320 aduorsae
1028 1279 1145 1320 sient.

366 1340 481 1394 Quid
507 1341 586 1383 hoc
611 1348 672 1383 est
697 1341 880 1383 sceleris!
908 1341 1022 1396 perii.
1066 1341 1141 1382 ΡΑ.
1176 1341 1291 1393 Quid
1315 1341 1535 1383 factumst?
1552 1355 1585 1379 35

816 1402 894 1444 CH.
925 1403 1092 1459 Rogas?

364 1465 504 1507 Patris
530 1472 755 1521 cognatum
780 1473 905 1519 atque
930 1467 1147 1520 aequalem
1172 1465 1511 1507 Archidemidem

365 1528 586 1570 Nouistin?
615 1527 694 1569 ΡΑ.
716 1527 832 1580 Quid
851 1528 918 1569 ni?
950 1526 1028 1569 CH.
1049 1528 1105 1578 Is,
1125 1528 1226 1569 dum
1245 1528 1351 1570 haino
1371 1543 1533 1583 sequor,

814 1591 861 1631 fit
884 1590 940 1631 mi
965 1590 1146 1632 obuiam.

252 1654 330 1696 ΡΑ.
361 1652 631 1696 Incommode
645 1652 794 1694 hercle.
815 1651 893 1694 Cn.
909 1653 1044 1694 Immo
1059 1653 1168 1694 enim
1182 1666 1279 1694 uero
1295 1652 1533 1703 infeliciter;

163 1725 231 1760 330
367 1717 477 1757 Nam
501 1716 766 1758 incommoda
790 1715 870 1757 alia
896 1716 990 1756 sunt
1015 1715 1204 1764 dicenda,
1229 1714 1449 1757 Patrmeno.

366 1779 491 1820 Illum
515 1778 644 1832 liquet
668 1778 770 1818 mihi
795 1778 979 1819 deierare
1003 1777 1067 1819 his
1091 1777 1304 1819 mensibus
1554 1790 1586 1816 210

367 1841 453 1883 Sex
479 1842 637 1896 septem
662 1855 854 1896 prorsum
878 1841 961 1881 non
987 1839 1141 1882 uidisse
1165 1840 1393 1896 proxumis,

365 1903 458 1945 Nisi
475 1904 599 1953 nunc,
620 1918 746 1958 quom
767 1903 952 1944 minume
971 1903 1122 1944 uellem
1142 1903 1409 1957 minumeque
1429 1904 1534 1958 opus

815 1965 904 2007 fuit.

368 2028 474 2078 Eho,
500 2029 638 2069 nonne
664 2027 742 2069 hoc
766 2027 937 2068 monstri
964 2027 1159 2069 similest?
1190 2027 1290 2081 quid
1315 2028 1401 2068 ais?
1458 2027 1534 2069 ΡΑ.

817 2090 1032 2131 Maxume.

165 2157 232 2192 335
256 2153 334 2196 Cn.
368 2152 579 2194 Continuo
605 2152 786 2193 adcurrit
810 2153 863 2193 aid
887 2168 967 2201 me,
993 2166 1117 2206 quam
1142 2152 1267 2208 longe
1292 2152 1477 2205 quidem,

367 2216 582 2263 Incuruos,
609 2216 824 2264 tremulus,
850 2215 970 2255 latbiis
999 2215 1202 2263 demissis,
1228 2230 1420 2269 gemens:
1554 2227 1587 2252 45

368 2279 508 2320 ‘Heus
533 2277 648 2326 heus,
673 2277 748 2318 tibi
774 2277 878 2326 dico,
907 2275 1114 2332 Chaerea’
1140 2276 1285 2330 inquit.
1335 2277 1477 2318 re'stiti.

369 2340 493 2382 ‘Scin
510 2340 610 2394 quid
630 2354 707 2395 ego
729 2347 770 2381 te
788 2339 1024 2381 uolebam?’
1053 2339 1191 2380 “dic.”
1221 2344 1330 2381 ‘cras
1355 2340 1415 2380 est
1435 2339 1537 2382 mihi

368 2402 601 2444 Iudicium?
628 2402 764 2457 “quid
789 2401 932 2443 tum‘?”
959 2406 1023 2442 ‘ut
1049 2402 1270 2457 diligenter
1294 2402 1457 2444 nunties

165 2476 231 2510 340
367 2465 498 2514 Patri,
522 2464 752 2506 aduocatus
777 2466 898 2505 maine
924 2464 980 2504 mi
1005 2479 1094 2506 esse
1120 2474 1166 2505 ut
1190 2464 1449 2505 meminerit?

368 2528 484 2568 Dum
508 2527 613 2569 haec
638 2526 749 2575 dicit,
775 2526 873 2567 abiit
899 2525 1012 2567 hora.
1045 2541 1147 2580 rogo
1171 2541 1271 2567 num
1297 2526 1396 2580 quid
1421 2526 1532 2567 uelit.
1554 2539 1587 2564 50

368 2588 535 2632 ‘Recte'
560 2589 707 2642 inquit.
755 2588 872 2629 abeo.
918 2603 1043 2641 quom
1070 2589 1150 2630 huc
1175 2588 1349 2643 respicio
1375 2588 1427 2629 ad
1452 2590 1536 2629 uir—

814 2651 968 2705 ginem,

367 2714 444 2755 Illa
469 2715 559 2755 sese
587 2713 744 2755 interea
769 2713 1033 2755 cdmmodum
1059 2712 1138 2753 huc
1165 2713 1402 2753 adudrterat
