1700 2984
102 171 232 216 v,1.2

116 450 147 476 15
164 438 241 479 PY.

165 500 242 541 ΤΗ.

162 685 238 729 ΡΥ.

110 885 144 911 20

162 998 240 1039 ΤΗ.

92 1572 126 1604 v,
137 1573 151 1597 2
167 1559 240 1601 CH.

110 2135 142 2160 10

160 2185 238 2225 ΤΗ.

163 2370 240 2413 CH.

111 2569 144 2595 15
163 2557 240 2598 ΤΗ.

165 2679 241 2722 Cn.

671 171 940 208 EVNVCHVS
1364 163 1441 205 137

277 252 389 293 Num
424 251 467 293 id
503 252 705 293 lacrumat
741 253 885 309 uirgo?
937 253 1014 294 ΡΥ.
1051 253 1102 294 Id
1139 256 1295 309 opinor.
1363 254 1442 294 ΤΗ.

723 313 838 367 Quid
863 321 936 364 ais,
965 316 1192 371 szicrilega‘?

278 376 460 418 Istucine
484 376 748 417 interminata
773 393 865 418 sum
890 378 985 419 hinc
1011 378 1154 419 abiens
1179 378 1279 418 tibi?
1467 380 1533 416 830

278 438 393 490 Quid
417 438 622 480 facerem?
646 438 703 479 ita
726 447 772 479 ut
797 447 841 480 tu
866 440 977 488 iusti,
1003 441 1077 481 soli
1102 440 1310 481 creditast.

276 500 476 549 Scelesta,
502 514 623 541 ouem
648 500 746 555 lupo
772 502 1024 543 commisisti.
1073 503 1265 557 dispudet

279 561 350 603 Sic
385 562 486 605 mihi
528 562 624 604 data
660 577 749 604 esse
792 564 933 604 uerba.
982 565 1083 618 quid
1124 565 1226 606 illud
1266 564 1443 606 hdminis

723 625 808 666 est?

276 686 363 728 Era
386 687 492 735 mea,
518 692 610 728 tace
634 694 724 728 tace
750 687 935 737 obsecro,
962 689 1102 729 saluae
1128 703 1290 731 sumus:

274 748 493 791 Habemus
519 748 727 790 hominem
752 749 900 804 ipsum.
959 750 1038 791 ΤΗ.
1063 738 1149 792 Vbi
1174 751 1208 792 is
1234 751 1320 792 est?
1367 750 1440 792 ΡΥ.
1468 758 1534 793 835

722 811 803 852 Em
830 812 882 852 ad
907 812 1147 854 sinisteram.

273 873 436 916 Viden?
484 873 562 915 ΤΗ.
588 873 737 916 Video.
796 873 873 915 Py.
902 873 1144 930 Conprendi
1169 876 1280 925 iube,
1313 890 1443 929 quan-

722 937 809 976 tum
834 944 980 991 potest.

273 997 387 1050 Quid
432 998 501 1040 illo
549 998 767 1048 faciemus,
817 999 966 1040 stulta?
1024 1000 1101 1041 ΡΥ.
1145 999 1259 1052 Quid
1301 1000 1442 1049 facias,

723 1062 870 1116 rogas?

274 1123 383 1166 Vide
430 1124 597 1172 amz'tbo,
645 1124 679 1165 si
726 1138 827 1171 non,
877 1139 1003 1178 quom
1050 1125 1246 1180 dispicias,
1295 1139 1340 1166 os
1380 1126 1442 1166 in-

721 1186 882 1241 pudens

272 1247 466 1290 Videtur!
498 1262 581 1289 non
606 1249 691 1289 est?
724 1247 851 1304 [tum]
878 1263 984 1302 quae
1015 1249 1103 1290 eius
1136 1249 1439 1291 confidentiast!

369 1416 632 1459 CHAEREA
718 1418 892 1459 THAIS
979 1418 1228 1460 PYTmAs

367 1494 621 1522 ADVLESCENS
700 1495 898 1521 MERnme
1012 1496 1182 1523 ANcmLA

268 1560 398 1615 Apud
422 1547 708 1614 Antiphonem
733 1561 920 1613 uterque,
946 1568 1076 1602 mater
1101 1562 1140 1601 et
1165 1567 1295 1615 pater,
1464 1566 1531 1601 840

273 1621 405 1674 Quasi
432 1622 572 1662 dedita
596 1637 721 1677 opera
746 1622 855 1663 domi
881 1630 1009 1672 erant,
1035 1630 1081 1663 ut
1105 1623 1218 1663 nullo
1244 1622 1367 1663 modo

270 1685 387 1726 Intro
411 1686 470 1726 ire
494 1699 673 1739 possem,
698 1686 798 1738 quin
823 1684 1012 1726 uiderent
1037 1700 1115 1726 me.
1163 1685 1328 1726 interim

270 1747 388 1788 Dum
414 1754 507 1788 ante
533 1747 683 1788 ostium
708 1754 784 1796 sto,
809 1748 929 1788 notus
954 1748 1053 1788 mihi
1079 1747 1246 1801 quidam
1272 1747 1437 1788 obuiam

270 1810 409 1852 Venit.
457 1810 528 1850 ubi
553 1809 653 1858 uidi,
686 1824 763 1864 ego
790 1825 855 1850 me
878 1811 921 1850 in
950 1810 1077 1864 pedes
1103 1811 1305 1864 quantum
1330 1824 1437 1864 queo

270 1872 321 1913 In
345 1872 611 1927 zingiportum
636 1872 844 1926 quoddam
871 1871 1092 1921 desertum,
1117 1872 1214 1914 inde
1238 1873 1337 1914 item
1463 1873 1530 1907 845

272 1935 322 1975 In
347 1934 473 1983 eliud,
499 1935 594 1976 inde
619 1934 661 1974 in
685 1934 816 1975 aliud:
841 1934 898 1975 ita
922 1935 1191 1975 mise-ruimus

271 1997 353 2038 Fui
376 1996 608 2052 fugitando,
635 1998 686 2037 ne
712 1998 803 2051 quis
828 2012 894 2038 me
920 1999 1201 2052 cognosceret.

274 2058 359 2101 Sed
378 2061 492 2100 estne
511 2060 613 2101 haec
633 2059 775 2108 Thais,
795 2061 921 2113 quzim
939 2060 1085 2100 uideo?
1110 2060 1251 2115 ipsast.
1289 2060 1438 2102 haereo

271 2121 388 2174 Quid
413 2122 575 2163 fziciam.
613 2122 714 2175 quid
737 2137 830 2163 mea
855 2123 1017 2163 autem?
1048 2122 1148 2176 quid
1172 2123 1297 2164 faciet
1314 2123 1439 2164 mihi?

271 2185 500 2226 Adezimus.
549 2185 656 2226 bone
680 2185 745 2225 uir
768 2184 896 2233 Dore,
922 2185 1056 2226 salue:
1089 2185 1154 2226 dic
1178 2185 1292 2235 mihi,
1463 2191 1531 2225 850

272 2247 542 2302 Aufugistin‘?
591 2246 668 2288 Cn.
694 2247 792 2296 Era,
817 2247 987 2288 factum.
1030 2248 1107 2288 ΤΗ.
1136 2247 1279 2290 Satine
1300 2248 1342 2289 id
1367 2248 1441 2289 tibi

721 2310 880 2364 placet?

272 2370 380 2412 Non.
413 2371 491 2412 ΤΗ.
514 2370 668 2413 Credin
688 2378 727 2414 te
747 2372 902 2427 inpune
921 2372 1183 2413 hz'tbiturum'?
1210 2371 1287 2414 CH.
1302 2373 1440 2416 Vnam

722 2434 829 2475 hanc
854 2435 1021 2475 noxiam

274 2497 453 2537 Amitte:
480 2496 514 2537 si
539 2496 662 2537 aliam
687 2497 891 2538 admisero
916 2512 1128 2550 umquam,
1153 2498 1340 2539 occidito.

273 2557 385 2598 Num
410 2560 544 2599 mezim
571 2559 787 2601 saeuitiam
811 2559 967 2600 ueritus
993 2559 1061 2601 es?
1101 2558 1178 2601 CH.
1205 2560 1314 2601 Non.
1363 2561 1400 2601 T
1405 2577 1440 2606 H,

725 2620 839 2672 Quid
864 2622 1014 2675 igitur?

274 2682 398 2722 Hanc
423 2683 553 2724 metui
577 2699 628 2725 ne
653 2699 719 2726 me
744 2684 1029 2727 criminaretur
1054 2684 1140 2726 tibi.
1470 2689 1536 2725 855
