1726 2984
329 141 384 184 40

240 242 306 276 755

239 1547 305 1582 770

326 1665 411 1707 DA.

239 1986 304 2021 775
330 1976 408 2019 CH.

327 2227 415 2268 MY.

236 2361 301 2395 780

325 2599 403 2641 Ca.

324 2662 405 2704 DA.

866 150 1062 186 ANDRIA
1567 153 1632 199 lv,
1649 154 1672 189 4

441 233 600 274 Mirum
624 247 738 281 uero,
764 231 1011 286 inpudenter
1034 233 1182 273 mulier
1205 235 1240 274 si
1264 233 1364 274 facit

440 295 661 337 Meretrix!
701 293 778 335 Cn.
810 294 881 335 Ab
901 294 1102 335 Andrizist
1128 293 1314 350 [ancilla]
1336 294 1452 344 haee,
1473 309 1604 349 quan-

890 365 978 397 tum
1002 356 1210 412 intellego.

405 452 413 461 .
445 420 596 461 Adeon
620 419 811 460 uidemur
835 418 956 459 uobis
981 433 1070 460 esse
1094 419 1246 469 idonei,

441 482 491 522 In
515 482 666 535 quibus
693 481 750 522 sic
774 480 994 521 inludzitis?
1041 479 1120 522 CH.
1156 482 1267 524 Veni
1289 482 1332 522 in
1356 483 1553 536 tempore.

403 577 412 585 .
444 544 631 599 Propera
655 543 759 584 {ideo
783 557 959 597 puerum
983 543 1127 585 tollere
1152 543 1248 584 hinc
1271 544 1324 584 ab
1349 544 1486 584 ianua.
1622 556 1655 580 20

440 607 588 647 Mane:
621 620 722 646 caue
748 619 959 659 quoquam
984 620 1034 646 ex
1057 607 1161 647 istoc
1185 608 1363 647 excessis
1388 605 1496 647 loco!

407 701 417 710 .
443 668 500 709 Di
526 676 564 709 te
591 667 819 708 eradicent!
856 669 914 707 ita
937 683 1004 709 me
1029 668 1223 709 miseram
1248 669 1421 709 territas.

403 764 412 772 .
444 731 540 772 Tibi
571 732 649 785 ego
675 730 766 771 dico
798 745 851 770 an
881 731 988 770 non‘?
1035 729 1123 770 MY.
1155 731 1265 780 Quid
1295 731 1383 772 uis?
1429 731 1512 771 DA.
1544 730 1604 770 At

888 792 1012 832 etizim
1038 794 1184 847 rogas?

443 855 573 904 Cedo,
599 854 769 908 quoium
795 869 971 908 puerum
996 853 1062 895 hic
1086 854 1308 908 aidposisti‘?
1341 854 1406 895 dic
1430 854 1543 896 mihi.

409 951 417 959 .
444 918 511 958 Tu
532 917 691 958 ne'scis‘?
727 917 810 957 DA.
836 916 960 957 Mitte
974 916 1017 956 id
1029 917 1141 970 quod
1161 917 1263 957 scio:
1286 916 1352 957 dic
1365 917 1478 970 quod
1490 931 1604 971 rogo.
1625 928 1658 953 25

409 1013 418 1022 .
444 981 598 1022 Vostri.
648 979 730 1020 DA.
764 978 925 1030 Quoius
951 979 1104 1019 nostri?
1151 979 1239 1019 MY.
1270 978 1492 1033 Paimphili.
1534 979 1600 1020 CH.

890 1042 1014 1082 Hem.
1062 1040 1145 1081 DA.
1179 1040 1319 1092 Quid?
1356 1041 1590 1096 Pamphili?

409 1138 417 1146 .
444 1104 551 1153 Eho,
589 1119 642 1145 an
672 1104 755 1144 non
786 1103 874 1144 est?
924 1101 1002 1143 Cn.
1044 1103 1173 1144 Recte
1204 1118 1283 1157 ego
1319 1104 1481 1158 semper
1516 1103 1607 1158 fugi

890 1165 964 1206 has
989 1166 1166 1220 nuptias.

403 1262 411 1270 .
445 1228 484 1269 O
528 1228 689 1270 facinus
734 1228 912 1268 animum
954 1227 1275 1268 aduortendum!
1347 1227 1436 1269 MY.
1491 1226 1607 1280 Quid

891 1289 1101 1331 clamitas?

403 1386 412 1394 .
445 1352 640 1405 Quemne
665 1354 743 1407 ego
769 1352 857 1393 heri
883 1351 969 1392 uidi
995 1352 1047 1392 ad
1072 1354 1148 1393 uos
1174 1351 1326 1393 adferri
1352 1352 1539 1406 uesperi?

409 1448 416 1456 .
441 1414 481 1455 O
508 1415 718 1456 hominem
744 1413 963 1455 audacem!
1001 1414 1082 1454 DA.
1109 1415 1287 1456 Verum:
1314 1414 1400 1455 uidi
1421 1413 1607 1455 Cantha·
1625 1427 1658 1451 30

886 1492 975 1517 ram

443 1539 780 1582 Suffiircinatam.
824 1539 912 1580 My.
944 1539 1023 1579 Dis
1048 1539 1116 1594 pol
1140 1539 1274 1581 habeo
1299 1540 1489 1594 gratiam,

443 1602 584 1654 Quom
608 1602 650 1643 in
675 1601 878 1657 pariundo
904 1601 1072 1655 aliquod
1095 1601 1320 1643 &dsuetum
1343 1602 1509 1643 liberae.

443 1666 508 1706 Ne
532 1665 602 1706 illa
632 1664 748 1705 illum
778 1664 891 1705 haud
921 1664 1049 1713 nouit,
1082 1664 1229 1717 quoius
1262 1679 1388 1705 causa
1418 1665 1519 1705 haec
1545 1666 1607 1706 in-

890 1727 1006 1781 cipit:

442 1789 663 1831 ‘Chremes
689 1790 723 1830 si
748 1804 922 1844 puerum
948 1788 1130 1843 positum
1155 1797 1250 1830 ante
1275 1789 1389 1831 aedis
1415 1789 1577 1838 uiderit,

442 1852 572 1894 Suam
609 1854 777 1907 guaitam
820 1866 902 1892 non
939 1851 1090 1892 dabit’:
1138 1858 1252 1893 tanto
1293 1851 1430 1893 hercle
1473 1851 1605 1906 mzigis
1625 1862 1657 1888 35

889 1913 1015 1954 dabit.

439 1977 535 2018 Non
572 1976 707 2018 hercle
743 1975 879 2017 faciet.
940 1975 1023 2016 DA.
1066 1976 1189 2017 Nunc
1226 1975 1349 2025 adeo,
1392 1983 1437 2017 ut
1473 1984 1517 2016 tu
1553 1977 1606 2016 sis

888 2039 1033 2087 sciens,

440 2102 531 2143 Nisi
555 2103 729 2156 puerum
750 2100 871 2150 tollis,
897 2101 978 2141 izim
998 2116 1075 2155 ego
1095 2100 1205 2142 hunc
1229 2100 1272 2141 in
1294 2100 1474 2141 medizim
1494 2100 1607 2142 uiam

438 2164 695 2205 Prouoluam
719 2172 842 2217 teque
867 2163 1019 2204 ibidem
1045 2164 1287 2217 peruoluam
1313 2165 1354 2203 in
1378 2163 1479 2204 luto.

441 2227 508 2267 Tu
533 2227 602 2281 pol
626 2226 749 2267 homo
774 2240 856 2266 non
882 2240 925 2266 es
951 2226 1126 2266 sobrius.
1174 2225 1257 2267 DA.
1295 2225 1478 2266 Fallacia

438 2289 537 2330 Alia
561 2289 682 2329 {iliam
709 2288 854 2329 trudit:
886 2288 966 2328 izim
983 2288 1195 2329 'susurrari
1220 2287 1355 2336 audio,
1621 2299 1655 2324 40

438 2350 586 2393 Ciuem
601 2339 785 2392 Atticam
800 2365 889 2392 esse
904 2350 1023 2391 hanc.
1051 2348 1129 2391 CH.
1151 2351 1272 2391 Hem.
1298 2349 1382 2391 DA.
1404 2347 1603 2391 ‘Coactus

883 2412 1046 2467 legibus

436 2476 544 2517 Eam
568 2477 740 2517 uxorem
766 2474 914 2516 ducet.'
969 2475 1058 2515 MY.
1097 2474 1204 2524 Eho,
1231 2475 1416 2523 obsecro,
1442 2489 1495 2515 an
1519 2488 1601 2515 non

885 2537 986 2577 ciuis
1012 2539 1097 2578 est?

436 2600 685 2641 [oculzirium
711 2600 752 2640 in
778 2599 931 2640 malum
958 2599 1135 2640 insciens
1160 2614 1290 2654 paene
1315 2598 1452 2639 incidi.

438 2662 543 2715 Quis
559 2663 623 2704 hic
642 2662 847 2716 loquitur?
872 2677 895 2703 o
911 2660 1123 2710 Chrenffls,
1147 2677 1219 2716 per
1233 2671 1393 2716 tempus
1408 2660 1599 2701 aduenis:
