1700 2984
66 152 127 195 1,2

83 245 118 270 40

73 527 116 580 '45

82 863 116 890 50

134 1414 210 1454 ΡΗ.

83 1488 116 1512 60
134 1476 210 1516 ΡΑ.

132 1664 209 1704 ΡΗ.

84 1800 117 1825 65

134 1850 208 1890 ΡΑ.

136 1975 213 2015 ΡΗ.

84 2112 116 2138 70

85 2422 119 2448 76

90 2485 123 2511 ἰ’ἴ)

137 2534 214 2574 ΡΗ.

138 2596 214 2637 ΡΑ.

665 147 872 184 HECYRA
1330 132 1407 175 201

247 231 446 282 Amabat,
471 240 518 273 ut
541 245 668 285 quom
692 233 901 279 maxume,
929 237 1018 270 tum
1041 226 1301 281 Pamphilus,
1439 226 1505 261 115

247 294 387 346 Quom
412 295 530 349 pater
553 308 728 334 uxorem
753 300 800 334 ut
824 293 948 333 ducat
972 288 1265 344 orare'occipit

246 356 303 398 Et
327 356 431 397 11368
457 355 693 397 80111111111113
719 355 904 396 omnium
929 368 1036 407 quae
1061 353 1156 394 sunt
1180 360 1358 406 patrum,

248 418 351 460 Sese:
377 433 520 459 senem
545 433 635 459 esse
660 417 809 466 dicere,
835 417 952 457 illum
978 422 1117 457 autem
1143 413 1330 454 unicum:

242 479 507 521 Praesidium
531 480 639 521 uelle
665 481 709 520 se
734 480 937 521 senectuti
961 493 1073 519 suae.

245 542 321 583 Ille
346 543 479 596 primo
506 556 548 582 se
573 544 746 596 negareg
774 542 846 582 sed
869 553 1089 596 postquam
1114 539 1248 580 acrius
1441 537 1507 572 120

243 603 371 645 Pater
394 605 531 653 instat,
556 603 654 644 fecit
678 604 806 644 animi
831 611 875 644 ut
900 603 1081 644 incertus
1106 601 1225 649 foret,

244 666 431 707 Puddrin
456 680 563 707 anne
588 666 718 707 amori
744 665 1043 718 obsequeretur
1067 663 1213 718 magis.

245 728 481 769 Tundendo
507 736 632 781 atque
657 727 751 769 odio
777 728 957 780 denique
984 726 1119 768 effecit
1146 740 1290 766 senex:

246 789 480 845 Despondit
505 790 543 831 ei
567 798 738 844 gnatam
764 789 886 830 huius
911 788 1036 829 uicini
1061 787 1264 842 proxumi.

244 853 389 905 Vsque
413 852 516 893 illud
540 852 718 893 uisumst
738 851 961 906 Pamphilo
985 866 1036 891 118
1061 850 1250 903 utiquam
1275 863 1417 903 graue,
1442 849 1508 883 125

245 913 394 955 Donec
418 914 501 955 iam
526 914 568 954 in
592 914 691 968 ipsis
717 914 885 968 nuptiis,
911 915 1132 968 postquam
1157 912 1272 952 uidet

245 977 420 1018 Paratae
444 991 521 1018 1188
545 991 705 1017 moram
729 977 857 1017 ullam
882 976 982 1029 quin
1009 976 1133 1016 ducat
1158 974 1259 1023 dari,

244 1039 311 1079 Ibi
337 1039 505 1079 demum
528 1039 585 1079 ita
610 1053 736 1093 aegre
760 1039 866 1088 tulit,
893 1046 937 1078 ut
962 1038 1095 1092 ipsam
1120 1035 1389 1085 Bacchidem,

248 1100 296 1142 Si
321 1100 497 1150 adesset,
525 1100 647 1142 credo
672 1100 731 1141 ibi
757 1100 845 1142 e'ius
871 1100 1259 1141 commiseresceret.

245 1163 331 1204 Vbi
355 1163 562 1216 quomque
588 1162 732 1203 datum
758 1170 845 1204 erat
870 1162 1048 1217 spatium
1075 1160 1321 1209 solitudinis,
1442 1162 1509 1195 130

244 1225 304 1267 Vt
329 1225 523 1279 conloqui
548 1240 710 1267 mecum
737 1226 821 1265 una
845 1232 1004 1280 posset:
1037 1224 1276 1273 61331018110,

246 1288 372 1337 Perii,
406 1288 506 1341 quid
532 1302 610 1342 ego
635 1288 720 1343 egil
752 1288 794 1328 in
825 1287 934 1341 quod
964 1302 1030 1329 me
1056 1287 1214 1328 conieci
1242 1285 1416 1327 malum!

245 1350 340 1391 Non
364 1351 506 1405 potero
531 1350 639 1391 ferre
665 1350 757 1399 hoc,
782 1350 1008 1391 Parmeno:
1039 1350 1142 1404 perii
1166 1349 1316 1390 miser?

243 1414 303 1454 At
328 1414 367 1453 18
393 1413 435 1453 (11
461 1413 647 1466 deaeque
673 1413 849 1467 perdant
876 1427 970 1454 cum
995 1412 1074 1453 isto
1100 1412 1206 1461 odio,
1232 1410 1416 1453 Laches!

248 1476 306 1518 Vt
332 1475 385 1516 ad
408 1476 542 1529 pauca
566 1475 748 1523 redeam,
775 1476 947 1516 uxorem
973 1475 1142 1516 deducit
1167 1478 1349 1516 domum.
1443 1474 1509 1508 135

246 1538 380 1579 Nocte
404 1537 475 1577 illa
500 1537 632 1592 prima
656 1537 862 1591 uirginem
888 1552 972 1578 non
996 1537 1154 1592 attigit3

247 1599 369 1652 Quae
394 1601 653 1640 8611388111331
677 1601 761 1640 nox
786 1615 892 1649 eam,
920 1600 1048 1640 nihilo
1073 1599 1219 1655 magis.

242 1661 357 1714 Quid
382 1662 470 1703 a'i's‘?
502 1676 597 1703 cum
621 1662 784 1716 uirgine
809 1663 892 1703 una
917 1662 1160 1704 adulescens
1186 1661 1374 1704 cubuerit

245 1724 348 1765 Plus
372 1725 506 1779 potus,
533 1739 624 1766 sese
649 1724 719 1765 illa
743 1725 951 1766 abstinere
976 1732 1021 1765 ut
1045 1724 1250 1780 potuerit?

246 1786 343 1827 Non
368 1786 457 1827 ueri
482 1786 614 1828 simile
640 1786 741 1828 dicis
766 1801 843 1828 1188
868 1802 1015 1828 118111111
1040 1787 1228 1828 arbitror.
1443 1788 1510 1822 140

248 1848 386 1890 Credo
410 1851 468 1889 ita
494 1849 626 1890 uideri
651 1849 738 1890 tibi.
786 1865 883 1891 nam
907 1864 1030 1891 nemo
1055 1850 1109 1890 ad
1133 1851 1172 1890 te
1198 1850 1312 1891 uenit

246 1911 338 1952 Nisi
364 1911 534 1966 cupiens
559 1912 618 1952 tui
628 1928 637 1960 3
663 1912 731 1953 ille
757 1912 913 1953 inuitus
936 1913 1049 1953 illam
1075 1913 1262 1953 duxerat.

247 1973 361 2024 Quid
387 1974 536 2015 deinde
561 1974 631 2015 fit?
677 1974 755 2015 PA.
781 1974 946 2016 Diebus
972 1990 1070 2016 sane
1095 1975 1282 2029 pauculis

247 2036 351 2077 Post
374 2036 621 2091 Pamphilus
647 2052 712 2078 1118
738 2038 869 2078 36111111
896 2038 1054 2078 seducit
1080 2037 1192 2078 foras

247 2098 495 2152 Narratque,
522 2106 567 2139 ut
592 2099 712 2153 uirgo
738 2100 790 2140 ab
817 2115 860 2140 se
884 2101 1047 2154 integra
1072 2099 1301 2140 etiamtum
1327 2099 1417 2149 3181,
1443 2101 1509 2135 145

249 2160 388 2214 Seque
412 2162 508 2202 ante
532 2175 658 2215 quam
684 2177 775 2202 eam
800 2163 970 2202 uxorem
996 2161 1181 2202 duxisse't
1208 2162 1389 2211 domum,

250 2222 451 2277 Sperasse
476 2238 545 2264 eas
571 2224 746 2265 tolerare
770 2239 892 2278 posse
918 2224 1095 2278 nuptias.

248 2284 355 2327 ‘Sed
380 2287 506 2339 quam
532 2285 733 2328 decrerim
758 2288 823 2327 1118
848 2302 930 2327 11011
956 2301 1076 2341 posse
1102 2286 1256 2327 diutius

249 2348 432 2397 Habere,
459 2363 550 2389 eam
573 2349 753 2389 ludibrio
779 2349 935 2399 haberi,
959 2349 1182 2398 Parmeno,

250 2410 398 2463 Neque
423 2409 641 2451 honestum
668 2410 769 2451 mihi
793 2426 928 2464 neque
953 2411 1052 2452 utile
1078 2411 1156 2466 ipsi
1180 2411 1384 2465 ustginist,
1444 2413 1509 2447 151

250 2470 366 2523 Quin
389 2473 594 2528 integram
620 2473 761 2514 itidem
792 2473 977 2522 reddam,
1009 2482 1052 2514 ut
1086 2474 1226 2528 accepi
1251 2476 1276 2513 a
1300 2475 1417 2515 suis'.
1446 2480 1513 2514 150

245 2533 372 2573 Pium
397 2536 446 2575 38
471 2534 669 2589 pudicum
694 2535 907 2590 ingenium
932 2550 1074 2576 narras
1099 2535 1321 2590 Pamphili.

252 2596 367 2637 ‘Hoc
392 2597 470 2652 e'go
494 2597 677 2651 proferre
701 2597 1009 2638 incommodum
1035 2597 1089 2638 mi
1116 2613 1204 2639 esse
1224 2598 1416 2650 arbitron

253 2657 388 2699 Reddi
414 2659 520 2713 patri
547 2666 700 2708 autem,
727 2661 824 2713 quoi
849 2668 891 2700 tu
919 2660 974 2700 nil
1001 2660 1113 2701 dictis
1138 2660 1226 2710 uiti,
