1700 2984
222 164 300 208 146
725 175 994 214 Evachs
1478 180 1524 225 v,
1540 180 1562 215 8

252 308 547 349 PnAnnmA
611 306 879 350 CHAEREA
937 310 1160 351 THRAso
1226 309 1454 352 GNATHO

246 385 553 413 ADVLESCENTES
733 387 762 412 11
986 387 1102 412 mLEs
1231 387 1444 414 PARAsrrvs

674 445 752 485 ΡΗ.
783 444 843 485 Di
867 447 1049 486 uostreim
1074 445 1213 495 fidem,
1238 445 1494 488 incredibilia

123 514 211 548 1050
346 506 556 548 Parmeno
581 506 704 547 modo
730 508 836 561 quae
861 508 1057 549 narrauit.
1107 508 1180 548 sed
1204 508 1315 549 ubist
1340 509 1488 550 frater?
1511 520 1544 546 20

797 566 876 610 CH.
907 569 1081 611 Praesto
1107 569 1236 611 adest.

234 628 311 670 ΡΗ.
346 628 536 672 Gaudeo.
598 630 676 673 Cn.
714 630 827 674 Satis
852 632 988 674 credo.
1036 633 1093 673 nil
1124 641 1185 674 est
1209 632 1371 674 Thaide
1402 633 1491 682 hae,

796 694 936 743 frater,
961 703 1033 736 tua

346 755 530 811 Dignius
555 756 668 811 quod
693 758 872 799 ametur:
898 758 956 799 ita
979 765 1143 799 nostrae
1168 758 1318 798 bmnist
1338 758 1492 799 fautrix

795 820 989 862 feimiliae.

231 879 309 921 ΡΗ.
339 880 449 922 Mihi
468 881 581 923 illam
600 881 772 924 laudas?
813 882 892 923 ΤΗ.
923 882 1048 931 Perii,
1073 890 1229 936 quanto
1249 884 1385 924 minus
1404 884 1492 938 spei

798 952 873 994 est,
898 953 1013 986 tanto
1038 945 1171 1000 magis
1197 960 1303 986 amo.

344 991 549 1056 Obsecro,
577 1005 761 1057 Gnatho,
786 1007 830 1048 in
854 1014 894 1048 te
920 1022 1013 1062 spes
1039 1015 1113 1048 est.
1166 1006 1247 1048 GN.
1287 1006 1403 1060 Quid
1427 1009 1490 1049 uis

790 1069 967 1111 faciam?
1025 1068 1104 1110 ΤΗ.
1135 1069 1295 1110 Perfice
1321 1069 1400 1112 hoc

117 1137 205 1171 1055
342 1129 545 1172 Pre'cibus
570 1131 717 1185 pretio,
744 1138 790 1172 ut
814 1131 1008 1172 haeream
1032 1131 1075 1171 in
1100 1139 1216 1185 parte
1241 1131 1381 1185 ziliqua
1400 1140 1490 1174 tan·
1508 1144 1541 1170 25

795 1193 890 1235 dem
915 1193 1027 1248 apud
1051 1193 1270 1236 Thz't'idem.

231 1252 312 1296 GN.
339 1254 575 1298 Difficilest.
636 1255 714 1297 ΤΗ.
747 1254 795 1298 Si
824 1255 924 1309 quid
955 1255 1266 1306 conlubitumst‚
1303 1257 1399 1298 ndui
1435 1266 1487 1300 te.

793 1318 873 1359 hoo
897 1318 931 1359 si
956 1317 1156 1367 effeceris,

343 1378 533 1431 Qudduis
559 1380 714 1421 donum
739 1380 970 1435 praemium
990 1396 1014 1421 a
1032 1395 1099 1422 me
1124 1382 1284 1436 opteito:
1310 1381 1352 1423 id
1372 1390 1488 1438 opta-

345 1491 353 1503 ,
794 1451 882 1483 tum
907 1442 1082 1484 auferes.

230 1502 309 1546 GN.
335 1504 479 1546 Itane?
521 1504 599 1546 ΤΗ.
632 1504 704 1547 Sic
730 1507 817 1546 erit.
863 1503 942 1546 GN.
978 1504 1025 1546 Si
1051 1505 1185 1546 efficio
1210 1505 1302 1556 hoc,
1327 1507 1488 1562 pdstulo

571 1608 575 1609 ⁷
789 1575 837 1608 ut
861 1567 962 1608 mihi
987 1568 1058 1608 tua
1082 1567 1229 1609 domus

339 1628 401 1669 Tc}
442 1636 661 1685 praesente
704 1629 874 1670 absente
915 1637 1072 1685 pateat,
1114 1631 1307 1672 inuocato
1349 1639 1393 1672 ut
1436 1633 1487 1673 sit

788 1692 903 1733 locus

113 1760 202 1796 1060
340 1752 528 1808 semper.
565 1753 644 1794 ΤΗ.
671 1752 739 1794 Do
760 1753 883 1794 fidem
903 1753 1104 1794 futurum.
1150 1753 1227 1795 GN.
1254 1754 1483 1810 Adcingar.
1504 1769 1537 1793 30

788 1815 866 1856 ΡΗ.
899 1814 1039 1868 Quem
1064 1830 1143 1870 ego
1168 1815 1235 1857 hic
1260 1816 1407 1858 audio?

340 1862 380 1916 O
407 1876 579 1917 Thraso.
628 1877 706 1917 ΤΗ.
740 1876 922 1918 Salue'te.
976 1878 1054 1918 ΡΗ.
1086 1877 1152 1918 Tu
1178 1877 1353 1920 fol-&isse
1378 1894 1484 1933 quae

786 1939 897 1980 facta
921 1938 988 1980 hio
1013 1939 1118 1980 sient

334 2000 494 2041 Ne'seis.
537 2001 616 2042 ΤΗ.
644 2000 754 2042 Seio.
797 2001 875 2042 ΡΗ.
903 2000 1022 2052 Quor
1046 2003 1145 2056 ergo
1170 2001 1213 2042 in
1237 2001 1300 2043 his
1326 2011 1364 2044 te
1390 2004 1485 2044 0611-

787 2063 923 2118 spicor
946 2063 1209 2118 regidnibus?

222 2125 301 2166 ΤΗ.
327 2125 458 2168 deis
478 2125 621 2167 fretus.
664 2125 741 2166 ΡΗ.
769 2124 869 2167 Scin
888 2138 1015 2179 quam
1035 2125 1191 2166 fretus?
1217 2127 1347 2176 miles,
1368 2127 1483 2169 edied

787 2187 874 2237 tibi,

337 2248 383 2291 Si
408 2258 448 2290 te
467 2249 510 2289 in
530 2249 668 2303 platea
687 2249 900 2290 offendero
921 2249 999 2290 hae
1018 2258 1109 2305 post
1129 2251 1342 2305 umquam,
1369 2253 1481 2306 quod

785 2312 898 2352 dieds
924 2312 1025 2352 mihi

108 2384 197 2418 1065
337 2360 495 2414 ‘Alium
539 2373 810 2426 quaerebam,
858 2375 935 2415 iter
983 2374 1060 2415 hae
1104 2374 1268 2417 habui':
1311 2377 1479 2431 periisti.
1499 2389 1532 2415 85

789 2434 868 2478 GN.
901 2436 1023 2486 Heia,
1050 2437 1162 2478 haud
1187 2439 1245 2479 sie
1269 2438 1398 2480 decet.

219 2498 295 2539 ΡΗ.
329 2496 553 2538 Dietumst.
594 2496 673 2540 GN.
700 2498 796 2539 Non
815 2499 1022 2554 cogndsco
1037 2508 1223 2540 nostrum
1239 2502 1321 2541 tem
1337 2517 1480 2556 super-

786 2560 885 2601 bum
912 2593 921 2601 .
948 2593 957 2601 .
1016 2562 1093 2602 ΡΗ.
1127 2561 1198 2604 Sic
1223 2577 1315 2617 ago.

221 2621 301 2663 GN.
329 2622 450 2663 Prius
478 2622 617 2664 audite
643 2622 805 2677 paucis:
839 2624 950 2676 quod
982 2638 1108 2677 quom
1141 2624 1296 2674 dixero,
1327 2625 1361 2666 si
1391 2625 1479 2681 plai-

783 2694 926 2734 cuent,
