1700 2984
234 154 316 197 104

229 554 306 596 ΡΑ.

161 679 204 712 75

160 1051 205 1085 80

227 1300 307 1342 Tn.

161 1677 205 1711 85

228 1738 307 1779 Tu.

232 2051 308 2091 PH.

163 2115 208 2149 90

232 2238 310 2278 ΡΗ.

165 2556 209 2591 95
233 2549 310 2590 ΤΗ.

738 163 1006 200 EVNVCHVS
1454 165 1484 208 Ι,
1502 165 1533 200 1.
1550 165 1573 199 2

342 245 464 287 Vltro
489 245 749 301 supplicium.
786 244 865 286 ΡΗ.
887 243 927 286 O
952 245 1170 302 indignum
1190 243 1370 287 facinus!
1396 245 1506 286 nunc
1524 256 1557 282 25

789 322 867 363 ego

342 369 400 413 Et
422 370 534 411 illam
561 369 777 411 scelestam
803 385 892 411 esse
917 371 957 411 et
981 385 1047 412 me
1072 370 1269 412 miserum
1294 369 1444 411 sentio:

341 431 398 473 Et
421 432 560 474 taedet
584 440 625 474 et
649 446 787 473 amore
811 432 949 482 ardeo,
976 440 1016 474 et
1039 433 1221 488 prudens
1246 432 1395 482 sciens,

340 494 473 536 Viuos
500 493 730 548 uidensque
755 495 893 548 pere0‚
919 509 996 536 nec
1021 495 1123 548 quid
1147 496 1270 550 agam
1296 495 1393 535 scio.

342 554 455 606 Quid
497 556 623 610 agas?
664 555 742 597 nisi
784 563 830 596 ut
871 564 911 597 te
952 556 1130 598 redimas
1174 564 1341 610 captum
1382 557 1507 609 quam
1565 573 1567 575 “

789 632 916 671 queas

339 678 552 728 Minum63
580 679 613 721 si
637 693 820 733 nequeas
845 680 1026 741 paululo,
1053 687 1094 721 at
1119 681 1263 733 quanti
1287 692 1433 732 queas;
1525 689 1558 714 30

340 740 395 781 Et
433 743 484 782 ne
521 749 561 783 te
598 741 796 783 adflictes.
855 741 933 783 PH.
965 742 1084 783 Itane
1121 741 1296 783 suades?
1352 741 1429 781 ΡΑ.
1461 738 1508 781 Si

789 803 911 858 sapis.

338 863 488 917 Neque
513 865 676 919 praeter
699 879 826 918 quam
851 879 955 919 quas
979 866 1068 919 ipse
1093 879 1209 906 amor
1231 864 1440 906 molestias

340 926 483 967 Habet
507 926 650 975 addas,
676 935 715 968 et
739 927 830 968 illas
856 929 959 980 quas
984 927 1110 968 habet
1133 928 1243 968 recte
1268 926 1390 968 feras.

342 987 429 1029 Sed
454 1003 592 1029 eccam
614 990 706 1043 ipsa
730 988 954 1044 egreditur,
979 989 1109 1030 nostri
1133 989 1252 1030 fundi
1277 988 1506 1036 calamitas3

339 1049 450 1091 Nam
475 1051 587 1105 quod
611 1065 686 1092 nos
711 1065 858 1106 capere
884 1052 1058 1106 opo'rtet,
1084 1051 1186 1093 haec
1210 1050 1429 1105 intercipit.
1525 1060 1558 1085 3⁵

442 1176 616 1217 THAls
673 1175 970 1217 PHAEDRIA
1028 1175 1293 1217 PARMENO

430 1248 628 1273 Mnnsrmx
693 1247 948 1274 ADVLESCENS
1086 1247 1234 1274 snRvos

338 1300 538 1341 Miseram
564 1315 644 1350 me,
671 1315 819 1341 uereor
842 1315 894 1342 ne
918 1299 1021 1340 illud
1044 1300 1215 1354 grauius
1240 1298 1449 1340 Phaedria
1523 1315 1574 1347 1,2

341 1363 503 1404 Tulerit
527 1377 634 1403 neue
661 1362 855 1404 aliorsum
880 1364 1005 1416 atque
1030 1376 1108 1417 ego
1133 1362 1213 1402 feci
1239 1361 1456 1416 acceperit,

342 1424 469 1477 Quod
512 1424 600 1465 heri
637 1426 744 1465 intro
784 1424 935 1465 missus
976 1422 1064 1465 non
1103 1432 1177 1465 est.
1246 1423 1324 1464 PH.
1361 1423 1505 1471 Totus,

788 1486 1009 1535 Parmeno,

341 1550 493 1591 Tremo
531 1549 779 1602 horreoque,
816 1550 1038 1603 postquam
1074 1548 1215 1603 aspexi
1252 1548 1370 1589 hanc.
1429 1548 1505 1589 ΡΑ.

791 1611 910 1652 Bono
936 1611 1073 1651 animo
1098 1625 1160 1652 es:

342 1674 512 1716 Accede
538 1674 591 1716 ad
615 1674 755 1728 ignem
781 1673 903 1723 hunc,
929 1674 1011 1714 iam
1037 1673 1215 1715 calesces
1239 1673 1332 1728 plus
1358 1673 1467 1713 satis.
1543 1684 1558 1709 5

339 1737 445 1790 Quis
492 1736 560 1778 hic
607 1736 815 1790 loquitur?
870 1736 1008 1786 ehem,
1062 1744 1135 1776 tun
1183 1736 1248 1776 hic
1295 1751 1404 1785 eras,
1451 1735 1507 1775 mi

790 1798 1025 1839 Phaedria?

343 1860 456 1914 Quid
488 1862 626 1902 stabas
657 1861 747 1902 hic?
777 1875 881 1914 quor
911 1862 994 1902 non
1024 1860 1132 1901 intro
1162 1860 1276 1901 ibas?
1322 1859 1400 1900 ΡΑ.
1427 1859 1508 1901 Ce-

791 1932 924 1964 terum

342 1986 410 2028 De
436 1986 673 2027 exclusione
698 1986 874 2026 uerbum
900 1986 1087 2026 nullum?
1128 1985 1206 2025 ΤΗ.
1234 1983 1349 2036 Quid
1372 1985 1508 2025 taces?

344 2048 454 2090 Sane
480 2049 578 2102 quia
602 2063 702 2090 uero
727 2048 829 2089 haec
855 2048 954 2088 mihi
978 2055 1121 2103 patent
1147 2048 1309 2101 semper
1333 2046 1441 2087 fores

347 2113 433 2153 Aut
457 2113 555 2164 quia
579 2126 670 2152 sum
697 2111 808 2166 apud
832 2119 871 2151 te
897 2113 1065 2165 primus.
1120 2109 1197 2150 ΤΗ.
1223 2109 1356 2150 Missa
1381 2109 1507 2150 istaec
1528 2123 1559 2146 10

795 2172 899 2214 face.

342 2236 457 2288 Quid
505 2236 693 2277 ‘missa'?
741 2251 764 2277 0
807 2235 955 2284 Thais,
1003 2234 1152 2284 Thais,
1201 2234 1360 2275 utinam
1402 2236 1509 2275 esse't

793 2297 893 2338 mihi

344 2362 449 2403 Pars
474 2361 608 2414 aequa
631 2360 782 2402 amoris
807 2362 944 2401 tecum
970 2374 1018 2400 ac
1042 2359 1195 2414 pariter
1222 2359 1352 2408 fieret,

344 2425 403 2467 Vt
428 2424 499 2465 aut
523 2423 602 2465 hoc
626 2423 700 2464 tibi
726 2423 881 2464 doleret
907 2422 1048 2463 itidem
1073 2431 1118 2462 ut
1141 2421 1241 2462 mihi
1268 2421 1390 2470 dolet,

346 2488 435 2527 Aut
460 2487 538 2541 ego
563 2486 670 2527 istuc
695 2485 768 2526 abs
794 2493 833 2526 te
858 2485 1014 2526 factum
1040 2484 1112 2524 nili
1136 2483 1378 2539 penderem!

341 2550 406 2591 Ne
431 2549 569 2590 crucia
592 2556 632 2589 te
657 2548 844 2597 obsecro,
869 2548 1004 2589 anime
1029 2547 1098 2596 mi,
1124 2549 1180 2587 mi
1203 2546 1422 2588 Phaedria.
1526 2558 1558 2584 15

345 2612 439 2652 Non
465 2611 546 2665 pol,
572 2625 654 2664 quo
680 2625 930 2664 quemquam
957 2611 1048 2665 plus
1075 2625 1208 2650 amem
1235 2617 1303 2650 aut
1330 2609 1422 2664 plus
1448 2609 1508 2650 di-

795 2674 934 2728 ligam,
