1726 2984
73 123 140 166 1‚1

89 399 123 426 00

92 712 126 737 ⁰³
143 760 220 803 CH.

144 823 220 865 Cn.

144 948 230 990 ME.

93 1023 125 1049 70

98 1648 133 1673 80

101 1960 135 1986 85

104 2274 138 2298 90

109 2583 142 2609 95

462 119 709 155 HEAVTON
734 98 1100 153 'riMORVMENoS
1365 106 1416 147 57

252 201 348 256 Ego
373 201 481 241 istnc
505 201 653 242 aetatis
677 202 761 241 nen
787 199 917 240 amori
941 200 1111 253 operam
1136 197 1302 245 dabam,
1446 198 1511 232 110

256 262 344 305 Sed
390 263 434 304 in
480 250 629 304 Asiam
682 262 779 303 hinc
835 261 918 302 abii
965 262 1133 316 prepter
1179 258 1421 314 pauperiem

700 326 825 378 atque
850 323 908 364 ibi

255 386 390 429 Simffl
415 403 503 429 rem
528 394 570 430 et
594 387 773 442 gloriam
797 387 922 427 armis
949 385 1046 426 belli
1071 384 1258 439 repperi.’

253 449 473 491 Postremo
498 450 602 491 adeo
627 464 693 490 res
717 448 856 489 rediit:
883 447 1219 488 adulescentulus

255 511 393 567 Saepe
418 511 565 553 eadem
591 519 630 552 et
655 511 839 565 grauiter
864 510 1072 551 andiendo
1097 511 1233 550 uictus
1259 515 1339 558 est3

253 575 406 616 Aetate
430 589 496 615 me
521 574 681 629 putauit
707 580 748 614 et
773 573 976 628 sapientia
1449 571 1515 607 115

254 637 358 678 Plus
384 639 488 678 scire
519 644 561 678 et
584 636 804 691 prouidere
829 650 954 689 quam
979 650 1023 675 se
1047 634 1183 688 ipssim
1209 633 1305 674 sibi:

258 699 309 740 In
333 686 481 740 Asiam
509 699 562 739 ad
586 714 727 753 regem
752 699 974 738 militatum
1000 697 1114 746 abiit,
1141 695 1354 737 Chremes

252 761 368 814 Quid
382 759 469 803 a'i's?
498 762 587 802 Mn.
598 760 720 802 Clam
733 776 799 802 me
812 760 1024 815 profectus
1038 759 1191 800 mensis
1206 760 1278 799 tris
1295 759 1424 799 abest.

253 824 396 865 Ambo
420 824 664 872 accusandi3
691 823 766 865 etsi
791 823 895 864 illud
918 822 1128 877 inceptnm
1153 830 1292 863 tamen

255 886 442 928 Animist
467 886 662 941 pudentis
688 887 854 941 signum
879 892 918 926 et
945 900 1029 926 non
1054 884 1269 925 instrenui.
1452 890 1519 924 120

257 949 343 991 Vbi
367 949 550 1003 comperi
577 964 626 990 ex
653 948 724 997 eis,
751 949 823 1002 qui
847 948 963 989 fuere
988 947 1026 989 ei
1051 947 1219 996 cc‘mseii,

257 1011 444 1052 Doml'lm
469 1018 655 1052 reuortor
679 1012 863 1051 maestus
888 1017 1012 1063 atque
1039 1009 1175 1050 anime
1201 1009 1289 1050 fere

256 1073 510 1115 Perffirbato
537 1083 662 1127 atque
686 1073 842 1113 incerto
866 1087 966 1127 prae
992 1071 1264 1126 aegritl'ldine.

256 1136 438 1177 Adsido:
467 1135 694 1176 adcurrunt
719 1135 842 1183 serui,
868 1149 1010 1176 soccos
1035 1134 1277 1183 detrahunt3

256 1198 394 1240 Video
419 1198 521 1239 alios
546 1198 743 1239 festinare
768 1197 896 1238 lectos
923 1198 1119 1245 sternere,
1456 1197 1522 1232 125

259 1260 420 1302 Cenam
445 1260 665 1315 adparare:
691 1261 766 1315 pre
792 1275 835 1300 se
861 1259 1037 1313 quisque
1062 1259 1206 1300 sedulo

257 1323 501 1373 Faciebant‚
528 1338 610 1376 quo
635 1323 747 1363 illam
774 1322 874 1362 mihi
899 1322 1075 1363 lenirent
1099 1320 1318 1361 miseriam.

259 1386 344 1428 Vbi
369 1385 506 1434 uideo,
533 1385 637 1426 haec
662 1385 780 1439 coepi
805 1384 989 1439 cegitare
1015 1383 1141 1431 ‘hem‚
1167 1385 1227 1424 tet
1251 1398 1344 1424 mea

262 1447 401 1489 Solius
427 1447 591 1489 solliciti
617 1450 698 1488 sint
724 1462 862 1495 causa,
895 1455 941 1487 ut
971 1461 1037 1488 me
1061 1461 1191 1486 unum
1216 1445 1433 1500 expleant?

262 1510 457 1552 Ancillae
483 1518 542 1551 tot
567 1525 634 1551 me
659 1509 863 1550 uestiant?
889 1509 1077 1563 sumptl'is
1104 1508 1215 1548 domi
1460 1510 1525 1544 130

261 1572 420 1614 Tantes
445 1587 526 1627 ego
552 1572 664 1613 solus
690 1571 868 1612 faciam?
894 1571 968 1612 sed
994 1578 1167 1625 gnatum
1193 1570 1376 1619 imicmn,

263 1635 400 1686 Quem
427 1634 580 1689 pariter
604 1634 666 1675 uti
691 1633 753 1674 his
780 1633 919 1674 decuit
944 1641 1016 1674 aut
1043 1633 1167 1674 etiam
1193 1633 1384 1687 amplius,

264 1696 393 1748 Quod
417 1697 488 1738 illa
512 1698 626 1738 aetas
650 1696 784 1751 magis
810 1695 863 1737 ad
887 1695 990 1737 haec
1015 1696 1170 1737 utenda
1194 1696 1395 1744 ideneast,

262 1761 374 1800 Eum
401 1774 479 1814 ego
506 1758 602 1801 hinc
627 1759 728 1800 eieci
752 1760 950 1799 miserum
974 1758 1175 1799 iniustitia
1198 1758 1310 1799 mea!

261 1822 379 1863 Male
406 1822 575 1875 quidem
600 1836 666 1863 me
691 1821 841 1875 queuis
867 1821 1041 1876 dignum
1068 1821 1277 1876 deputem,
1462 1830 1527 1863 13)

267 1883 314 1925 Si
332 1884 375 1925 id
394 1884 556 1926 faciam.
594 1900 690 1925 nam
710 1898 843 1938 usque
858 1883 1039 1925 dumille
1054 1883 1185 1924 uitam
1198 1883 1312 1924 illam
1329 1883 1437 1925 colet

265 1947 453 2002 Inopem,
481 1962 624 1988 carens
650 1946 784 2001 patria
809 1946 862 1987 eb
889 1961 1003 1988 meas
1029 1945 1214 1995 inim-ias,

266 2010 432 2050 Interea
458 2024 590 2063 usque
615 2009 674 2050 illi
700 2009 750 2050 de
776 2024 841 2049 me
867 2008 1115 2063 supplicinm
1141 2008 1250 2049 dabo

267 2071 500 2121 Labo'rans,
527 2087 715 2126 parcens,
741 2073 958 2125 quaerens,
985 2071 1043 2112 illi
1069 2070 1277 2112 seruiens.’

265 2134 332 2176 Ita
356 2135 464 2175 facio
490 2149 680 2189 prorsus:
706 2135 763 2175 nil
788 2134 976 2188 relinquo
1002 2134 1044 2174 in
1070 2134 1257 2183 aedibus,
1464 2137 1530 2171 140

266 2196 356 2238 Nec
381 2199 456 2237 uas
484 2211 560 2238 nec
583 2196 898 2238 uestimentum:
926 2196 1089 2237 conrasi
1113 2196 1263 2237 emnia.

269 2260 472 2308 Ancillam,
498 2274 654 2308 seruos,
680 2259 758 2299 nisi
784 2274 852 2300 eos
879 2259 950 2312 qui
975 2274 1098 2313 opere
1122 2259 1275 2299 mistico

268 2322 482 2363 Facilindo
508 2322 629 2363 facile
655 2323 865 2376 sslmptum
891 2322 1122 2362 exercirent
1148 2336 1279 2369 suom,

272 2382 423 2425 Omnis
449 2384 625 2439 produxi
651 2399 699 2425 ac
724 2384 904 2425 uendidi.
952 2384 1142 2438 inscripsi
1166 2384 1259 2425 ilico

271 2447 403 2488 Aedis
429 2447 632 2488 mercede.
665 2446 783 2500 quasi
808 2447 962 2488 talenta
987 2447 1039 2487 ad
1065 2446 1300 2500 quindecim
1466 2455 1532 2489 145

274 2507 427 2564 Co'e'gi:
449 2524 595 2564 agrum
611 2509 721 2550 hunc
734 2511 940 2550 mercatus
955 2523 1064 2549 sum:
1086 2508 1152 2550 hic
1170 2523 1237 2549 me
1256 2510 1440 2550 exerceo.

272 2570 455 2612 Decreui
481 2571 679 2626 tantisper
704 2587 768 2612 me
794 2571 929 2611 minus
954 2570 1141 2620 inim-iae,
1409 2575 1411 2577 ’

275 2632 491 2684 Chremes,
517 2649 608 2675 meo
633 2642 759 2689 gnato
785 2634 935 2683 facere,
962 2633 1060 2673 dum
1086 2634 1181 2674 fiam
1208 2634 1349 2684 miser3
