1700 2984
164 152 217 194 70

69 245 137 281 430
162 241 240 284 ΟΠ.

480 163 725 198 HEAVTON
749 162 1114 201 TIMORVMENOS
1399 165 1466 209 ΙΙΙ,
1485 165 1503 200 1

271 243 395 286 Valet
423 245 548 298 atque
579 244 695 285 uiuit.
743 244 832 285 Mn.
857 231 942 286 Vbi
971 254 1105 287 namst
1134 247 1315 300 quaeso?
1368 245 1446 287 Cn.

718 306 848 360 Apud
873 308 938 348 me
963 308 1084 349 domi.

158 366 246 408 ME.
272 367 396 410 Meus
417 368 593 424 gnatus?
624 366 702 409 Cn.
727 367 797 409 Sic
811 375 885 410 est.
915 369 1003 410 ΜΕ.
1018 370 1170 412 Venit?
1201 370 1279 412 Cn.
1296 369 1434 412 Certe.

160 614 238 657 Cn.

67 744 134 779 435

157 926 233 968 Cn.

154 1052 242 1093 Mn.

63 1185 130 1220 440

63 1616 129 1650 445

63 1934 130 1970 450

63 2367 130 2402 455

63 2677 130 2713 460

717 430 805 470 ΜΕ.
834 429 971 472 Clinia

270 490 395 533 Meus
420 492 558 534 uenit?
606 491 684 534 Cn.
711 491 826 533 Dixi.
874 493 962 534 ME.
988 493 1165 536 Eamus:
1192 495 1274 537 duc
1299 510 1364 537 me
1382 495 1435 537 ad

718 569 826 604 eum,
852 555 1037 597 ebsecro,
1446 575 1448 577 ·

269 615 367 657 Non
390 617 479 658 uelt
504 624 542 658 te
568 617 671 658 scire
697 618 740 658 se
764 617 919 659 redisse
944 618 1082 668 etiam,
1109 620 1149 659 et
1174 626 1288 660 tuom

270 676 553 733 Conspectum
580 679 750 734 fugitat:
775 680 944 734 prepter
966 688 1182 735 peccatum
1208 681 1286 722 hec
1306 681 1434 729 timet,
1453 692 1486 717 25

270 740 336 782 Ne
361 741 432 782 tua
455 741 607 782 duritia
632 742 803 795 antiqua
826 741 896 783 illa
920 742 1043 783 etiam
1069 743 1245 784 adaucta
1270 743 1332 784 sit.

235 834 242 842 .
269 802 365 843 Non
383 810 427 844 tu
446 803 505 844 illi
524 803 626 844 dixti
644 811 690 845 ut
715 803 874 845 essem?
921 802 999 845 Cn.
1025 804 1133 845 Non.
1180 805 1267 846 Ma.
1295 805 1434 858 Quam

714 866 768 907 ob
792 868 892 916 rem,
920 864 1147 908 Chremes?

267 926 379 978 Quia
403 928 598 982 pessume
622 928 728 969 istuc
751 929 794 969 in
819 935 859 969 te
885 935 1008 982 atque
1033 929 1075 969 in
1100 929 1217 970 illum
1242 929 1439 979 censulis,

269 988 315 1029 Si
341 991 381 1030 te
406 997 490 1031 tam
515 990 597 1031 leni
623 997 661 1031 et
686 991 797 1031 uicto
824 1005 913 1032 esse
939 991 1076 1032 animo
1102 992 1342 1033 ostenderis.

268 1051 365 1093 Non
400 1053 589 1107 pessum:
634 1052 732 1093 satis
769 1053 870 1102 iam,
909 1053 1006 1094 satis
1043 1061 1160 1109 pater
1197 1054 1323 1095 durus
1361 1054 1484 1095 fui.30

717 1113 794 1156 Cn.
822 1115 905 1165 Ah,

265 1176 504 1219 Vehemens
540 1176 581 1218 in
617 1184 836 1231 utramque
871 1180 1046 1233 partem,
1083 1178 1352 1228 Menedeme‚
1389 1180 1433 1220 es

714 1255 850 1289 n1m1s,

265 1301 356 1342 Aut
380 1301 570 1355 largitate
594 1302 721 1342 nimia
745 1308 816 1342 aut
840 1302 1110 1357 parsimenia:

265 1363 316 1404 In
346 1363 520 1404 eandem
549 1363 740 1405 fraudem
771 1379 822 1405 ex
853 1363 930 1405 hac
959 1380 1003 1406 re
1034 1372 1158 1418 atque
1190 1380 1240 1406 ex
1272 1365 1342 1407 illa
1372 1367 1433 1407 in-

714 1426 838 1467 cides.

265 1488 454 1528 Primum
481 1487 578 1529 elim
603 1488 740 1543 potius
767 1490 893 1542 quam
917 1497 1104 1544 paterere
1129 1489 1264 1530 filium

267 1548 532 1592 Commetare
558 1551 612 1591 ad
636 1551 935 1600 mulierculam,
961 1566 1068 1605 quae
1092 1552 1262 1606 paululo
1452 1565 1486 1591 35

266 1612 377 1654 Tum
402 1614 490 1654 erat
515 1620 708 1654 contenta
732 1615 911 1667 quoique
937 1621 1053 1655 erant
1077 1621 1196 1668 grata
1222 1615 1372 1664 emnia,

263 1675 533 1716 Proterruisti
559 1675 665 1717 hinc.
717 1677 766 1717 ea
790 1683 932 1717 coacta
956 1676 1141 1731 ingratiis

264 1737 439 1779 Postilla
463 1738 598 1792 coepit
621 1740 780 1779 uictum
804 1738 931 1794 uolgo
956 1740 1167 1792 quaerere.

264 1799 389 1841 Nunc
414 1801 539 1853 quem
565 1801 652 1842 sine
677 1815 830 1856 magno
855 1800 1156 1842 intertrimento
1180 1803 1264 1843 nen
1289 1810 1421 1857 potest

265 1863 440 1912 Haberi‚
466 1863 631 1917 quiduis
657 1864 754 1905 dare
780 1863 909 1918 cupis.
957 1879 1054 1904 nam
1078 1872 1124 1905 ut
1147 1865 1192 1905 tu
1218 1865 1336 1913 scias,
1451 1878 1484 1903 4ο

266 1924 406 1978 Quam
443 1940 491 1966 ea
527 1926 637 1967 nunc
671 1926 872 1967 instructa
907 1925 1078 1980 pulchre
1121 1927 1173 1968 ad
1209 1928 1432 1982 perniciem

716 1988 806 2037 siet,

265 2050 457 2091 Primum
480 2050 563 2091 iam
588 2050 757 2092 ancillas
783 2051 923 2092 secum
955 2051 1128 2091 adduxit
1158 2052 1249 2106 plus
1276 2053 1432 2101 decem,

268 2110 475 2153 Oneratas
502 2119 616 2154 ueste
642 2120 765 2166 atque
791 2113 908 2153 auro:
935 2121 1101 2168 satrapa
1128 2115 1161 2153 si
1186 2114 1263 2155 siet

266 2175 456 2223 Amator,
482 2189 709 2228 numquam
735 2174 907 2235 sufferre
933 2174 1020 2215 eius
1046 2177 1235 2230 sumptus
1261 2185 1402 2229 queat3

266 2236 432 2278 Nedum
457 2247 501 2278 tu
527 2237 672 2292 possis.
720 2236 808 2277 ΜΕ.
838 2236 969 2278 Estne
1001 2252 1049 2278 ea
1072 2237 1208 2279 intus?
1257 2237 1333 2280 CH.
1369 2238 1431 2280 Sit
1451 2252 1484 2278 45

714 2299 862 2354 rogas?
950 2312 953 2313 ⁷

269 2360 402 2403 Sensi.
446 2377 541 2402 nam
567 2376 692 2402 unam
717 2367 755 2403 e'1'
779 2363 923 2402 cenam
949 2369 1073 2415 atque
1099 2361 1186 2403 eius
1213 2363 1430 2404 comitibus

266 2423 396 2472 Dedi;
423 2423 534 2477 quod
565 2423 598 2463 si
623 2423 772 2465 iterum
798 2423 897 2463 mihi
923 2423 972 2464 sit
998 2424 1148 2472 danda,
1174 2426 1309 2466 actum
1337 2426 1424 2466 siet.

267 2486 376 2526 Nam
400 2494 447 2526 ut
470 2485 552 2527 alia
577 2486 778 2535 omittam,
804 2485 1044 2540 pytissando
1068 2486 1193 2527 medo
1218 2487 1317 2527 mihi

267 2547 382 2600 Quid
407 2547 493 2588 uini
517 2547 748 2602 absumpsit
773 2547 851 2588 ‘sic
875 2547 970 2588 hoo‘
997 2548 1154 2596 (licens3
1182 2551 1407 2604 ‘risperunn

266 2609 406 2658 Pater,
432 2610 510 2651 hec
535 2617 614 2651 est:
641 2610 752 2651 aliud
777 2609 910 2651 lenius
937 2609 1055 2650 sodes
1080 2610 1214 2651 uide’!
1450 2625 1483 2650 50

267 2673 414 2714 Releui
439 2673 548 2713 dolia
573 2672 724 2722 ennlia,
751 2672 884 2714 omnis
911 2671 1050 2713 serias.
