1726 2984
422 712 469 763 C.
509 711 825 764 SVETONI
859 709 1346 772 TRANQVILLI·

614 840 766 882 VITA
797 839 1121 881 TERENTI.

133 1061 223 1127 ²32}
322 1080 365 1114 P.
375 1078 570 1113 Terentius
583 1077 675 1112 Afer
683 1076 907 1123 Carthagine
922 1080 1027 1111 natus
1041 1076 1168 1111 seruiit
1180 1076 1318 1111 Romae
1333 1075 1506 1110 Terentio

184 1140 200 1166 5
224 1137 374 1171 Lucano
397 1134 566 1178 senatori,
591 1145 613 1168 a
637 1144 708 1179 quo
733 1134 779 1167 ob
802 1133 989 1178 ingenium
1013 1137 1049 1167 et
1066 1134 1218 1167 formam
1235 1144 1306 1167 non
1322 1133 1506 1167 institutus

224 1193 330 1227 modo
346 1190 558 1235 liberaliter,
582 1191 645 1225 sed
663 1194 700 1224 et
722 1194 861 1224 mature
880 1201 988 1224 manu
1004 1190 1133 1224 missus
1152 1193 1216 1226 est.
1257 1189 1404 1234 quidam
1421 1201 1504 1234 cap-

224 1254 300 1285 tum
317 1260 395 1284 esse
414 1249 636 1283 existimant:
661 1249 757 1293 quod
782 1248 861 1283 fieri
884 1248 983 1282 nullo
999 1248 1105 1282 modo
1122 1248 1283 1294 potuisse
1300 1248 1507 1282 Fenestella

225 1309 342 1351 docet,
365 1318 447 1341 cum
470 1307 564 1341 inter
586 1305 696 1340 finem
719 1306 869 1341 secundi
886 1305 1017 1340 Punici
1040 1306 1127 1340 belli
1151 1310 1187 1340 et
1202 1306 1345 1340 initium
1362 1306 1460 1340 tertii
1477 1313 1506 1340 et
1531 1307 1552 1340 5

170 1375 201 1399 10
225 1368 331 1399 natus
347 1366 388 1398 sit
407 1367 444 1398 et
459 1367 637 1406 mortuus3
662 1374 741 1406 nec,
766 1363 795 1396 si
815 1375 836 1397 a
853 1363 1021 1398 Numidis
1039 1366 1102 1397 aut
1120 1362 1286 1397 Gaetulis
1304 1367 1430 1408 captus
1448 1363 1505 1406 sit,

134 1438 162 1462 p.
176 1431 208 1456 27
227 1422 274 1457 ad
288 1422 463 1456 dominum
477 1421 679 1455 Romanum
692 1420 883 1466 peruenire
896 1420 1058 1465 potuisse
1072 1420 1169 1454 nullo
1187 1420 1399 1455 commercio
1413 1421 1507 1454 inter

225 1478 372 1513 Italicos
391 1482 428 1512 et
444 1478 553 1511 Afros
570 1478 639 1512 nisi
656 1481 738 1523 post
756 1477 913 1511 deletam
931 1477 1189 1523 Carthaginem
1207 1481 1345 1522 coepto.

316 1535 387 1569 Hic
402 1546 482 1570 cum
495 1535 619 1568 multis
632 1534 816 1569 nobilibus
830 1534 1060 1568 familiariter
1072 1535 1172 1578 uixit,
1183 1535 1247 1569 sed
1259 1535 1412 1569 maxime
1427 1546 1506 1569 eum

227 1592 395 1638 Scipione
419 1592 595 1627 Africano
618 1596 655 1627 et
676 1592 715 1627 C.
742 1592 887 1636 Laelio,
917 1592 1049 1636 quibus
1072 1593 1183 1627 etiam
1205 1593 1364 1638 corporis
1387 1593 1508 1639 gratia
1533 1594 1575 1628 10

186 1659 203 1685 5
226 1650 439 1684 conciliatus
464 1649 704 1684 existimatur:
730 1650 825 1694 quod
850 1653 886 1683 et
907 1649 1025 1695 ipsum
1048 1650 1256 1684 Fenestella
1279 1650 1400 1695 arguit
1423 1661 1506 1685 con-

225 1707 376 1742 tendens
389 1710 542 1750 utroque
555 1706 728 1740 maiorem
742 1710 830 1741 natu
843 1706 1141 1752 fuisse‚quamuis
1155 1707 1232 1742 etN
1235 1718 1321 1752 epos
1335 1708 1507 1752 aequales

226 1776 348 1799 omnes
366 1763 478 1798 fuisse
495 1764 616 1798 tradat
634 1766 670 1797 et
683 1763 835 1798 Porcius
850 1763 1087 1808 suspitionem
1100 1764 1144 1798 de
1163 1764 1423 1799 consuetudine
1440 1776 1506 1810 per

225 1822 316 1855 haec
331 1820 460 1855 faciat:

270 1875 368 1911 Dum
387 1876 574 1911 lasciuiam
591 1877 768 1912 nobilium
786 1881 822 1912 et
838 1875 965 1912 laudes
983 1877 1126 1912 fucosas
1142 1879 1246 1924 petit,
1532 1880 1575 1915 15

170 1944 202 1968 10
270 1934 367 1968 Dum
385 1923 553 1969 A¹frieani
570 1932 697 1968 uocem
715 1934 875 1968 diuinam
893 1933 1010 1969 inhiat
1026 1935 1142 1969 auidis
1160 1933 1320 1979 auribus,

271 1989 370 2025 Dum
387 1991 434 2025 ad
451 1991 597 2025 Philum
615 2002 652 2025 se
671 1989 830 2026 cenitare
848 1995 884 2026 et
900 1990 1067 2026 Laelium
1084 1990 1275 2037 pulchrum
1292 1995 1408 2037 putat,

270 2046 368 2082 Dum
385 2048 423 2082 in
439 2048 623 2082 Albanum
641 2045 768 2082 crebro
785 2049 924 2094 rapitur
940 2047 987 2084 ob
1004 2049 1129 2083 florem
1147 2048 1278 2084 aetatis
1295 2060 1399 2084 suae:

136 2121 163 2145 p.
177 2114 209 2140 23
273 2106 354 2139 Suz's
367 2105 531 2150 postlatis
547 2102 658 2139 rebus
675 2105 721 2139 ad
739 2116 915 2139 summam
933 2104 1093 2151 inopiam
1111 2105 1279 2141 redactus
1297 2110 1362 2141 est.

272 2150 403 2207 I'taque
433 2173 475 2196 ex
505 2165 702 2207 conspeetu
730 2160 888 2197 omnium
915 2164 973 2197 ubi
999 2163 1078 2197 abit
1106 2161 1281 2198 Grae'ciae
1307 2163 1344 2197 in
1372 2167 1505 2198 terram
1533 2163 1579 2197 20

833 2217 1009 2264 ultimam,

273 2273 451 2309 Mdrtuost
469 2273 685 2320 Stymphali,
704 2275 885 2310 Arcadiae
903 2278 938 2310 in
955 2276 1106 2322 oppido:
1125 2277 1175 2310 nil
1192 2274 1325 2311 Publio

276 2329 399 2376 Scipio
416 2337 484 2365 tum
500 2329 649 2377 profuit,
667 2332 717 2365 nil
734 2331 894 2377 Laelius,
911 2334 962 2367 nil
979 2332 1121 2377 Furius,

187 2394 203 2420 5
273 2385 367 2422 Tres
384 2399 449 2432 per
463 2387 502 2422 id
518 2386 661 2434 templis
679 2389 741 2434 qui
757 2390 949 2435 agitabant
965 2390 1106 2425 n6biles
1123 2389 1323 2426 facillume:

271 2443 405 2479 Eorum
420 2445 483 2480 ille
500 2456 610 2491 opera
627 2445 672 2482 ne
694 2448 838 2482 domum
858 2449 1003 2494 quidem
1020 2449 1150 2485 habuit
1167 2448 1443 2496 conducticiam‚
1528 2450 1573 2484 ‘25

274 2500 410 2536 Saltem
426 2505 466 2536 ut
483 2507 577 2537 esset
594 2502 666 2548 quo
682 2504 836 2540 referret
852 2504 989 2541 obitum
1007 2507 1142 2541 domini
1159 2505 1329 2542 seruolus.

320 2557 474 2603 Scripsit
497 2561 701 2595 comoedias
724 2573 796 2605 seit,
828 2573 871 2596 ex
894 2563 1024 2608 quibus
1046 2564 1200 2609 primam
1223 2564 1399 2598 Andriam
1423 2577 1503 2600 cum

229 2617 408 2651 aedilibus
441 2617 561 2661 daret,
596 2619 712 2653 iussus
745 2624 828 2654 ante
863 2619 1018 2655 Caecilio
1048 2622 1202 2656 recitare
1236 2623 1283 2656 ad
1317 2629 1503 2658 cenantem

173 2682 206 2708 10
230 2684 309 2708 cum
331 2673 508 2721 uenisset,
533 2674 659 2711 dicitur
682 2675 823 2711 initium
846 2677 992 2722 quidem
1015 2677 1173 2723 fabulae,
1203 2679 1298 2723 quod
1322 2684 1399 2715 erat
1421 2691 1502 2715 con-

1216 2736 1257 2769 1*
