1726 2984
173 336 218 371 90

171 643 216 678 95

147 955 214 990 100

147 1267 214 1302 105

149 1705 216 1739 110

151 2024 216 2058 115

152 2459 217 2494 120

247 173 299 214 12

239 1134 310 1177 So.

780 178 980 215 ANDRIA
1517 181 1548 227 1,
1565 178 1586 218 1

353 262 497 311 Dedit,
524 261 728 303 cenauit.’'
765 261 1015 316 gaudebam.
1053 263 1152 305 item
1177 263 1257 305 alio
1283 263 1350 305 die

354 325 640 379 Quaerebam:
667 323 973 378 comperiebam
998 326 1056 367 nil
1080 326 1134 367 ad
1158 326 1426 380 Pamphilum

354 388 592 441 Quicquam
617 386 802 427 attinere.
845 387 956 427 enim
979 389 1079 428 uero
1105 388 1336 443 spectatum
1361 387 1460 428 satis

352 450 559 492 Putabam
585 455 625 489 et
649 462 848 502 magnum
873 450 1111 504 exemplum
1136 450 1432 498 continentiam
1535 459 1569 486 65

351 513 461 554 Nam
485 511 556 565 qul'
581 524 675 551 cum
699 509 876 564 ingeniis
901 510 1160 552 conflictatur
1184 512 1272 553 eius
1296 511 1409 552 modi

352 575 500 628 Neque
525 573 812 614 commonetur
835 573 997 615 animus
1022 575 1064 615 in
1089 590 1138 616 ea
1161 575 1205 616 re
1229 582 1381 623 tamen,

354 637 471 679 Scias
497 636 618 690 p‹f›sse
643 635 797 676 habere
816 635 898 675 iam
923 637 1059 691 ipsum
1078 652 1178 678 suae
1199 637 1310 678 uitae:
1334 637 1516 677 modum.

351 699 492 751 Quom
513 698 554 737 id
573 696 675 737 mihi
693 696 898 751 placebat,
919 706 1007 739 tum
1027 700 1109 740 uno
1130 714 1200 740 ore
1219 713 1361 740 omnes
1381 698 1519 740 omnia

350 762 472 801 Bona
496 760 632 801 dicere
657 767 698 800 et
720 759 891 801 laudare
917 761 1103 802 fortunas
1128 776 1256 811 meas,
1537 773 1569 797 w

351 823 438 875 Qui
462 823 636 878 gnatum
660 821 858 863 haberem
883 823 953 863 tali
978 823 1145 878 ingenio
1168 823 1415 878 praeditum.

351 885 467 938 Quid
486 885 624 925 uerbis
645 898 749 939 opus
770 884 856 926 est?
880 885 957 926 hac
979 885 1092 926 fama
1109 885 1298 940 inpulsus
1319 884 1520 926 Chremes

350 948 470 989 Vltro
496 947 549 987 ad
572 961 638 988 me
663 946 792 995 uenit,
818 946 982 987 {micam
1008 947 1179 1001 gnatam
1204 962 1323 987 suam

351 1008 459 1051 Cum
486 1009 581 1050 d6te
606 1024 768 1050 summa
793 1008 880 1050 fssio
905 1023 1079 1050 uxorem
1104 1009 1150 1049 ὑὶ
1174 1009 1302 1050 daret.

348 1072 533 1113 Placuitz
560 1070 775 1126 despondi.
808 1070 875 1112 hic
899 1071 1053 1125 nuptiis
1079 1070 1230 1112 dictust
1254 1071 1354 1112 dies.
1536 1084 1569 1110 ⁷5

350 1134 465 1186 Quid
489 1134 615 1189 igitur
640 1133 789 1182 obstat,
821 1133 926 1186 quor
950 1148 1033 1174 non
1058 1133 1184 1174 fiant?
1233 1132 1292 1175 SI.
1342 1134 1515 1175 Audies.

348 1197 456 1238 Fere
481 1198 523 1236 1'11
548 1195 694 1237 diebus
719 1196 876 1250 paucis,
901 1195 1054 1248 quibus
1080 1195 1184 1236 haec
1210 1196 1302 1237 acta
1328 1204 1437 1245 sunt,

351 1258 524 1313 Chrysis
549 1258 686 1299 uicina
704 1257 808 1298 haec
827 1257 1012 1298 moritur.
1046 1256 1118 1299 So.
1151 1255 1191 1298 O
1217 1257 1374 1300 factum
1394 1258 1516 1300 bene!

349 1321 511 1370 Beasti3
540 1319 613 1375 [ei]
640 1320 770 1361 metui
794 1335 819 1360 a
844 1318 1061 1374 Chryside.
1102 1318 1160 1361 S1.
1200 1321 1266 1361 Ibi
1291 1328 1379 1361 tum
1405 1321 1516 1362 filius

353 1382 463 1425 Cum
499 1383 592 1432 illis,
629 1382 700 1436 qui
736 1390 925 1422 amarant
958 1380 1221 1436 Chrysidem,
1258 1397 1342 1424 una
1377 1383 1519 1424 aderat
1536 1395 1569 1420 80

801 1443 1018 1497 frequens;

352 1508 537 1551 Curzibat
563 1523 647 1549 una
672 1508 797 1548 funus
806 1524 816 1556 3
842 1508 968 1548 tristis
993 1508 1171 1557 interim,

350 1572 447 1613 Non
486 1571 714 1625 numquam
757 1570 1108 1611 conlacrumzibat.
1156 1570 1310 1625 placuit
1353 1578 1442 1612 tum
1476 1570 1519 1612 1'd

801 1632 915 1674 mihi.

352 1697 423 1740 Sic
448 1696 685 1753 cogitabam
711 1695 798 1737 ‘hic
823 1696 978 1751 paruae
1003 1696 1311 1738 consuetudinis

353 1760 495 1802 Causa
518 1759 640 1800 huius
665 1766 842 1800 mortem
867 1759 951 1799 tam
976 1758 1057 1800 fert
1082 1758 1355 1801 familiariter:

353 1822 467 1874 Quid
491 1822 524 1863 si
549 1823 638 1877 ipse
662 1821 866 1862 amasset?
890 1821 990 1874 quid
1015 1821 1081 1862 hic
1101 1822 1202 1862 mihi
1219 1821 1344 1863 faciet
1368 1822 1516 1877 patri?
1537 1835 1570 1860 85

352 1886 472 1926 Haec
497 1884 575 1939 ego
599 1883 800 1939 putabam
826 1898 915 1925 esse
942 1884 1081 1925 omnia
1105 1884 1276 1925 humani
1300 1885 1441 1940 ingeni

352 1946 650 2000 EIansuetique
675 1945 800 1986 animi
825 1945 975 1986 officia.
1013 1946 1114 1999 quid
1137 1946 1278 1987 multis
1302 1948 1464 1988 moror?

353 2009 533 2064 Egomet
558 2022 724 2062 quoque
750 2008 838 2049 eius
864 2009 990 2049 causa
1014 2008 1056 2049 in
1082 2008 1206 2050 funus
1231 2009 1400 2064 prddeo,

352 2073 423 2114 Nil
441 2072 566 2113 e'tiam
586 2071 799 2126 suspicans
819 2071 929 2112 mali.
981 2070 1053 2113 So.
1092 2072 1217 2121 Hem,
1244 2072 1344 2126 quid
1368 2073 1411 2113 id
1432 2074 1519 2115 est?

805 2133 865 2175 S1.
905 2134 1035 2175 Scies.

352 2197 566 2246 chertur3
598 2197 718 2238 imus.
758 2198 915 2238 interea
940 2197 1046 2238 inter
1071 2197 1277 2246 mulieres,
1538 2213 1570 2238 90

354 2260 476 2314 Quae
501 2259 558 2300 ibi
583 2260 768 2308 aderant,
801 2259 907 2300 forte
932 2274 1059 2300 unam
1089 2259 1244 2314 aspicio
1277 2259 1518 2303 adulescen—

803 2321 946 2370 tulam,
995 2330 998 2331 ’

352 2384 507 2426 Formii-
532 2383 604 2426 So.
642 2384 762 2424 Bona
785 2382 973 2424 fortasse.
1023 2383 1082 2426 S1.
1109 2392 1148 2425 et
1173 2384 1303 2433 uoltu,
1332 2383 1467 2434 Sosia,

352 2448 475 2488 Adeo
500 2446 701 2494 modesto,
727 2445 830 2486 adeo
856 2454 1045 2493 uenusto,
1072 2454 1115 2487 ut
1141 2447 1197 2487 m'l
1224 2462 1360 2501 supra.

355 2509 467 2561 Quia
490 2510 579 2549 tum
602 2507 703 2548 mihi
727 2508 943 2549 lamentari
968 2518 1131 2563 praeter
1157 2510 1314 2549 ceteras

354 2571 509 2619 Viszist‚
535 2578 573 2612 et
600 2570 698 2624 quia
723 2578 809 2611 erat
833 2570 967 2612 forma
990 2579 1153 2626 praeter
1179 2572 1334 2612 ceteras
1537 2584 1569 2609 95

356 2635 544 2674 Honesta
569 2647 617 2675 ac
640 2632 813 2681 liberali,
839 2633 991 2674 accedo
1017 2633 1067 2674 ad
1094 2633 1353 2688 pedisequas,

356 2696 476 2751 Quae
502 2695 552 2737 sit
577 2708 697 2750 rogo:
724 2695 904 2738 sororem
931 2710 1019 2737 csse
1045 2696 1159 2737 aiunt
1186 2694 1415 2751 Chrysidis.
