1700 2984
304 162 385 204 184
828 173 1056 209 PHORMIO
1559 175 1605 220 V,
1625 176 1646 210 3

211 256 279 290 800
304 253 382 296 Cn.
415 254 527 306 Quia
562 255 735 308 uterque
770 255 974 308 utriquest
1013 255 1139 297 cordi.
1197 255 1280 296 DE.
1324 254 1438 307 Quid
1473 256 1578 297 istuc

858 317 1020 358 nostra?
1047 315 1126 359 Cn.
1141 316 1304 372 Magni.
1335 318 1578 373 praeterhac

416 378 652 434 Cognatam
671 378 853 434 comperi
872 379 960 420 esse
978 379 1110 420 nobis.
1147 379 1229 422 Da.
1251 378 1390 432 Quid?
1415 380 1577 422 deliras.

863 438 939 482 CH.
965 439 1037 483 Sic
1061 441 1150 483 erit.

411 502 507 543 Non
543 503 697 544 temere
734 502 844 543 dico:
887 502 990 543 redii
1031 517 1195 545 meeum
1236 503 1278 544 in
1319 503 1574 545 memoriam.

860 563 942 606 DE.
969 563 1089 606 Satin
1113 567 1238 607 sanus
1263 567 1331 607 es?

298 626 378 668 NA.
410 627 495 676 Au,
517 626 702 675 obsecro,
722 626 818 668 uide
831 642 883 668 ne
903 627 943 667 1¹11
964 635 1184 682 cognatam
1196 628 1355 682 pecces
1382 627 1464 670 Da.
1479 628 1518 668 N
1522 642 1575 669 on
1594 639 1628 664 20

859 697 933 730 est.
982 687 1059 730 CH.
1085 689 1150 730 Ne
1175 705 1299 745 nega:

410 752 548 793 Patris
574 752 722 793 nomen
748 751 860 793 aliud
886 751 1098 792 dictumst:
1126 752 1203 794 hoc
1227 761 1273 793 tu
1297 753 1454 794 errasti.
1491 751 1573 792 DE.

857 813 953 855 Non
979 816 1097 855 norat
1121 815 1305 869 patrem?

207 880 273 914 805
299 875 375 918 CH.
407 877 550 918 Norat.
600 876 681 917 DE.
716 875 835 927 Quor
859 876 972 917 aliud
997 876 1122 917 dixit?
1173 874 1250 918 CH.
1281 876 1576 930 Numquamne

857 938 977 980 hodie
1003 939 1205 980 concedes
1229 938 1330 979 mihi

409 1002 556 1055 Neque
592 1001 833 1055 intelleges?
891 999 974 1041 DE.
1013 1000 1060 1043 Si
1095 1002 1140 1041 tu
1175 1001 1233 1042 nil
1269 1003 1436 1042 narras?
1495 999 1573 1041 Cn.

856 1063 1017 1104 Perdis.
1066 1063 1147 1104 NA.
1174 1063 1308 1104 Miror
1332 1062 1432 1117 quid
1457 1062 1545 1103 siet.

296 1126 376 1167 DE.
410 1126 620 1180 Equidem
645 1125 782 1167 hercle
807 1125 957 1166 nescio.
1003 1123 1080 1167 Cn.
1101 1125 1185 1167 Vin
1211 1126 1339 1167 seire?
1369 1133 1411 1166 at
1427 1127 1484 1166 ita
1507 1139 1574 1166 me

859 1195 996 1228 seruet
1019 1187 1219 1243 Iuppiter,

408 1252 467 1294 Vt
491 1250 656 1306 propior
680 1250 752 1299 illi,
778 1251 904 1303 quam
928 1264 1006 1305 ego
1032 1265 1124 1291 sum
1149 1265 1197 1292 ac
1221 1258 1286 1301 tu,
1315 1248 1476 1305 [homo]
1502 1249 1574 1290 ne-
1592 1259 1625 1286 2⁵

856 1320 974 1354 most.
1023 1311 1106 1354 DE.
1131 1312 1191 1354 Di
1219 1314 1403 1354 nostram
1433 1312 1572 1361 fidem,

409 1376 567 1417 Eamus
603 1375 656 1417 ad
690 1375 841 1430 ipsam:
879 1390 962 1415 una
993 1375 1125 1416 omnis
1155 1390 1229 1416 nos
1260 1383 1331 1417 aut
1363 1376 1467 1417 seire
1503 1382 1573 1416 aut

856 1437 1014 1479 nescire
1039 1437 1115 1479 hoo
1140 1438 1248 1479 uolo.
1309 1436 1386 1479 CH.
1413 1437 1497 1479 Ah.

205 1505 272 1539 810
294 1501 377 1543 DE.
411 1501 525 1553 Quid
549 1502 634 1542 est?
672 1499 749 1541 Cn.
764 1500 857 1541 Itan
881 1515 1054 1555 paruam
1079 1500 1179 1541 mihi
1198 1500 1323 1543 fidem
1348 1516 1438 1542 esse
1462 1499 1574 1555 apud

857 1562 915 1604 te!
964 1562 1046 1604 DE.
1073 1563 1157 1605 Vin
1183 1579 1249 1605 me
1274 1563 1466 1605 credere?

407 1627 492 1670 Vin
505 1627 602 1668 satis
618 1625 851 1681 quaesitum
866 1625 923 1666 mi
947 1627 1054 1666 istuc
1069 1626 1182 1667 esse?
1207 1641 1299 1681 age,
1324 1626 1412 1668 fiat.
1449 1625 1573 1680 quid?

856 1687 927 1729 illa
951 1687 1038 1728 filia

407 1752 546 1794 Amici
583 1750 711 1793 nostri
748 1750 848 1805 quid
884 1750 1135 1792 futurumst?
1189 1749 1266 1791 Cn.
1299 1751 1441 1792 Recte.
1489 1749 1572 1792 DE.

798 1862 806 1875 Ι
858 1814 980 1854 Hane
1004 1813 1130 1867 igitur
1154 1812 1378 1854 mittimus?

296 1877 373 1920 CH.
406 1877 520 1929 Quid
556 1877 622 1918 ni?
669 1876 752 1917 DE.
789 1875 868 1916 Illa
903 1876 1091 1917 maneat?
1140 1874 1218 1916 CH.
1257 1875 1340 1917 Sic.
1389 1875 1471 1916 DE.
1506 1875 1572 1916 Ire
1591 1887 1624 1913 30

856 1938 983 1993 igitur
1006 1938 1080 1979 tibi
1104 1937 1210 1987 licet,
1237 1938 1510 1979 Nausistrata.

295 2003 374 2045 NA.
408 2003 479 2045 Sic
504 2003 572 2058 pol
598 2000 854 2043 commodius
880 2002 968 2042 e'sse
998 2000 1040 2042 in
1065 2001 1197 2042 omnis
1228 2000 1416 2049 arbitror,
1447 2015 1571 2055 quam

857 2071 902 2105 ut
927 2064 1134 2118 coeperas,

205 2131 271 2165 815
409 2128 584 2169 Manere
610 2126 717 2168 hanc
726 2143 735 2176 3
761 2142 858 2168 nam
882 2126 1136 2181 perliberalis
1155 2127 1297 2175 uisast,
1322 2140 1449 2180 quom
1472 2126 1571 2176 uidi,

855 2188 968 2229 mihi.
993 2214 1049 2219 —
1262 2232 1264 2235 ,

296 2253 376 2294 ΒΕ.
409 2252 523 2305 Quid
553 2252 658 2293 istuc
688 2251 891 2307 negotist?
939 2250 1014 2300 CH.
1039 2250 1185 2292 Iamne
1210 2250 1371 2305 operuit
1400 2251 1573 2293 ostium?

857 2313 938 2354 DE.
964 2314 1066 2355 Iam.
1117 2312 1195 2355 CH.
1222 2312 1262 2354 O
1288 2313 1488 2369 Iuppiter,

407 2378 466 2418 Di
497 2378 569 2419 nos
605 2376 848 2432 respiciunt:
892 2377 1061 2431 gnatam
1096 2375 1237 2417 inueni
1270 2376 1443 2431 nuptam
1479 2391 1573 2418 cum

856 2447 927 2479 tuo
952 2438 1051 2479 filio.
1099 2437 1180 2478 DE.
1206 2438 1331 2486 Hem,

411 2502 506 2554 Quo
536 2503 658 2557 paeto
690 2500 769 2556 [id]
803 2501 960 2556 potuit?
1009 2499 1085 2541 CH.
1118 2500 1211 2540 Non
1243 2500 1339 2541 satis
1370 2508 1481 2541 tutus
1513 2502 1573 2542 est
1592 2513 1624 2538 35

858 2563 910 2604 ad
935 2563 1185 2604 narrandum
1211 2563 1277 2603 hic
1301 2563 1429 2604 loeus.

296 2628 376 2669 Da.
410 2629 468 2668 At
500 2636 544 2668 tu
574 2628 679 2667 intro
710 2626 790 2667 abi.
845 2625 922 2666 CH.
954 2626 1086 2674 Heus,
1117 2640 1167 2666 ne
1198 2625 1271 2666 filii
1298 2625 1464 2678 quidem
1495 2625 1573 2667 hoc

857 2688 983 2728 nostri
1008 2688 1229 2729 resciscant
1256 2688 1364 2728 uolo.
