1700 2984
106 160 173 204 111,
190 159 211 194 2

174 239 244 281 SY.

122 375 154 400 15

122 809 154 833 20

174 856 251 898 Cn.

123 1181 156 1206 25
175 1167 244 1210 SY.

177 1230 246 1271 ΞΥ.

126 1492 158 1516 30
179 1479 248 1521 ΞΥ.

179 1666 256 1708 Cn.

127 1928 161 1953 35
180 1915 257 1957 Cn.

182 2165 259 2206 Cn.

183 2227 260 2268 Cn.

129 2366 163 2389 40

184 2476 260 2517 Cn.

493 152 739 191 HEAVTON
764 150 1131 189 'rmonMENos
1398 136 1451 182 73

293 239 357 280 Ita
380 239 463 279 non
487 244 532 278 ut
558 237 669 284 oliui,
695 235 766 276 sed
792 235 850 275 uti
875 249 998 283 nunc,
1025 234 1123 274 sane
1149 233 1277 280 bona3

283 301 558 352 Minumeque
584 298 722 346 miror,
751 297 888 337 Clinia
913 296 1020 337 hanc
1046 295 1079 336 si
1105 294 1276 349 de'perit.
1476 297 1543 330 525

287 363 372 403 Sed
397 362 519 402 habet
546 368 706 414 patrem
732 359 939 412 quendam
964 357 1134 398 auidum
1160 356 1304 396 misere
1328 363 1453 408 atque

731 421 907 469 aridum,

283 486 481 528 Vicinum
505 484 633 525 hunc:
660 483 821 523 nostin?
851 485 893 523 at
918 482 1036 536 quasi
1061 482 1095 522 is
1120 496 1204 522 non
1231 480 1339 521 ditiis

283 547 499 595 Abundet‚
525 558 677 601 gnatus
702 547 789 586 eius
816 544 1000 599 profugit
1025 544 1177 598 inopia.

286 609 378 650 Scis
404 610 494 650 esse
509 608 666 649 factum
685 616 731 648 ut
751 607 865 647 dico?
897 606 975 648 CH.
1003 605 1116 658 Quid
1135 620 1213 661 ego
1239 607 1284 645 nl
1302 604 1454 645 sciam?

286 671 513 712 Hominem
532 669 705 725 pistrino
720 669 906 723 dignum.
935 668 1003 709 ΒΥ.
1027 668 1188 720 Quem?
1215 665 1292 708 Cn.
1315 668 1454 707 Istunc
1478 670 1545 704 530

732 731 941 771 seruolum

284 795 394 836 Dico
418 793 709 842 adulescentis,
759 792 828 833 ΞΥ.
869 791 989 847 Syre,
1016 791 1091 833 tibi
1116 791 1235 832 timui
1258 790 1385 832 male!

285 856 370 909 Qui
417 859 564 912 passus
612 863 673 897 est
720 855 762 895 id
815 855 920 896 fieri.
988 853 1059 895 ΞΥ.
1115 853 1230 906 Quid
1276 853 1455 894 faceret?

735 916 813 958 CH.
847 917 1014 972 Rogas?

285 981 460 1035 Aliquid
483 980 694 1035 reperiret,
719 979 896 1034 fingeret
922 979 1122 1028 fallacias,

285 1044 408 1086 Vnde
433 1044 541 1084 esset
566 1042 832 1090 adulescenti,
859 1041 1016 1082 amicae
1042 1040 1154 1095 quod
1180 1040 1308 1089 daret,

288 1107 428 1160 Atque
453 1105 563 1146 hunc
589 1104 800 1145 difficilem
826 1104 1001 1143 inuitum
1026 1104 1207 1144 icorsaret
1234 1117 1387 1143 senem.
1480 1103 1547 1137 535

288 1168 444 1209 Garris.
483 1166 560 1208 Cn.
592 1167 712 1208 Haec
737 1166 848 1206 facta
873 1165 926 1205 ab
950 1166 1019 1206 illo
1045 1165 1274 1220 oportebat,
1303 1163 1421 1225 'Syre

290 1230 384 1271 Eho
403 1231 557 1283 quae'so
582 1228 742 1277 laudas,
768 1230 840 1281 qui
865 1242 955 1269 eros
981 1228 1154 1268 fallunt?
1187 1226 1265 1268 Cn.
1296 1227 1348 1267 In
1366 1227 1457 1267 loco

287 1293 381 1348 Ego
400 1293 499 1332 uero
518 1291 656 1332 laudo.
695 1289 765 1331 ΞΥ.
792 1289 921 1331 Recte
941 1305 1052 1331 sane.
1091 1288 1168 1330 Cn.
1195 1288 1363 1344 Quippe
1386 1289 1457 1342 qui

287 1356 543 1410 Magnarum
568 1368 691 1408 saepe
715 1353 758 1393 id
783 1352 1011 1393 remedium
1038 1352 1404 1407 aegritudinumst:

298 1419 367 1458 Vel
388 1417 470 1458 iam
496 1417 592 1457 huic
617 1416 836 1456 mansisset
860 1415 1006 1456 unicus
1032 1416 1181 1470 gnatus
1208 1414 1332 1456 domi.
1481 1415 1548 1449 540

292 1480 446 1520 Iocone
471 1495 524 1520 an
549 1477 655 1520 serio
679 1478 743 1519 ille
768 1477 870 1519 haec
899 1478 1007 1518 dicat
1033 1477 1171 1518 ne'scio
1181 1494 1191 1526 3

288 1542 379 1583 Nisi
420 1541 521 1582 mihi
563 1541 731 1595 quidem
780 1540 895 1581 addit
940 1540 1145 1589 animum,
1194 1554 1276 1594 quo
1317 1540 1457 1580 lubeat

737 1617 883 1657 magls.

289 1666 344 1707 Et
368 1667 479 1707 nunc
505 1665 604 1719 quid
630 1666 832 1719 expectat,
866 1664 998 1719 Syre?
1029 1680 1081 1705 an
1107 1665 1205 1705 dum
1230 1664 1297 1706 hio
1323 1665 1459 1705 denuo

290 1728 443 1777 Abeat,
470 1743 596 1782 quom
621 1727 794 1768 tolerare
820 1727 929 1767 illius
956 1734 1144 1781 sumptus
1169 1729 1253 1768 non
1278 1728 1427 1780 queat?

290 1791 439 1832 Nonne
470 1791 523 1831 ad
559 1805 701 1831 senem
737 1789 919 1842 aliquam
956 1789 1158 1830 fabricam
1195 1789 1338 1844 fingit?
1388 1788 1458 1830 ΞΥ.
1484 1791 1551 1824 545

740 1850 927 1892 Stolidus
953 1859 1025 1893 est.

289 1917 347 1957 At
373 1923 413 1956 te
438 1915 625 1955 adiutare
651 1915 812 1969 oportet
837 1913 1136 1955 adulescentuli

293 1976 444 2019 Causa.
508 1976 577 2018 ΞΥ.
625 1977 765 2018 Facile
802 1976 995 2030 equidem
1031 1976 1169 2017 facere
1206 1989 1390 2030 possum,
1428 1977 1462 2016 si

738 2039 875 2087 iubes3

291 2103 460 2144 Etenim
484 2116 567 2155 quo
592 2109 713 2157 pacto
738 2101 780 2142 id
805 2102 895 2142 fieri
922 2101 1063 2149 soleat,
1093 2101 1235 2141 calleo.

292 2166 427 2206 Tanto
451 2164 588 2206 hercle
614 2165 769 2206 melior.
810 2163 879 2205 SY.
911 2164 1006 2204 Non
1034 2172 1093 2204 est
1119 2163 1283 2204 mentiri
1308 2178 1459 2204 meum.

293 2228 379 2268 Fac
410 2228 522 2282 e'rgo.
584 2225 653 2268 ΞΥ.
698 2228 757 2267 At
795 2226 897 2268 heus
934 2234 992 2272 tu,
1031 2225 1155 2266 facito
1185 2225 1284 2266 dum
1316 2226 1460 2266 cadem
1487 2234 1553 2267 550

742 2289 845 2330 haec
870 2288 1119 2336 memineris,

295 2351 341 2393 Si
367 2352 467 2405 quid
491 2351 613 2392 huius
641 2351 771 2392 simile
798 2351 904 2392 sorte
929 2350 1154 2404 aliquando
1180 2350 1378 2399 euenerit,

293 2415 352 2455 Vt
377 2415 471 2454 sunt
497 2414 691 2463 humana,
718 2415 809 2454 tuos
835 2422 879 2454 ut
905 2413 1031 2454 faciat
1055 2412 1179 2453 filius.

294 2476 389 2516 Non
419 2477 518 2516 usus
547 2476 705 2525 ueniet,
744 2478 876 2530 spero.
938 2475 1007 2517 ΞΥ.
1053 2474 1186 2529 Spero
1216 2475 1353 2516 hercle
1383 2477 1461 2530 ego

743 2553 921 2592 quoque,

295 2601 441 2654 Neque
456 2602 507 2642 eo'
517 2615 629 2641 nunc
643 2600 748 2649 dico,
769 2602 850 2654 qu‹'›
866 2600 1088 2653 quicquam
1109 2599 1224 2640 illum
1244 2600 1461 2648 senserim3

297 2662 383 2704 Sed
408 2664 441 2702 si
466 2663 579 2717 quid,
604 2678 656 2703 ne
681 2663 793 2717 quid.
821 2664 927 2716 quae
954 2663 1005 2703 sit
1030 2662 1117 2702 eius
1145 2664 1272 2710 aetas,
1298 2662 1434 2711 uides3
1488 2666 1554 2700 555
