1700 2984
134 150 183 195 11,
201 151 232 185 3.
250 150 271 185 4
700 143 974 180 ADELPHOE
1396 131 1476 173 247

414 285 696 327 Cmsumo
785 282 994 325 SAnmo
1083 279 1261 321 SYRvs

424 355 679 383 ADansans
836 353 940 380 mmo
1096 349 1243 377 smzvos

133 427 189 457 11,ss
204 413 279 456 C'r.
318 415 407 456 Abs
438 414 574 468 quiuis
605 413 784 460 homine,
820 413 945 466 quom
981 417 1043 452 est
1073 423 1191 464 opus,
1227 407 1478 450 beneficium

761 475 948 529 accipere
972 471 1156 528 gaudeas
1165 488 1176 521 ;

313 538 472 581 Verum
513 538 623 578 enim
666 551 764 578 uero
806 536 850 576 id
890 536 1057 576 demum
1099 534 1236 583 iuuat,
1278 532 1312 574 si
1355 547 1479 586 quem
1502 535 1569 570 255

762 600 977 652 aequomst
1008 597 1146 637 facere
1170 596 1204 636 is
1236 595 1341 636 bene
1365 595 1477 636 facit.

314 660 354 702 O
385 661 512 703 frater
542 661 681 709 frater,
711 660 812 714 quid
843 674 921 715 ego
952 674 1062 700 nunc
1092 667 1131 700 te
1162 658 1352 700 laudem?
1381 658 1479 699 satis

762 723 873 764 certo
897 722 1000 763 scio:

312 786 553 839 Numquam
573 787 630 826 ita
645 784 866 839 magnifice
881 784 1103 837 quicquam
1118 782 1266 831 dicam,
1286 782 1328 823 id
1347 783 1479 824 uirtus

761 846 861 900 quin
886 846 1055 900 superet
1078 853 1162 886 tua.

167 921 183 948 5
313 910 461 964 Itaque
491 910 617 950 unam
649 908 756 949 hanc
786 922 872 949 rem
904 922 970 948 me
1001 907 1154 948 habere
1186 914 1349 961 praeter
1377 906 1479 948 alios

762 970 1029 1025 praecipuam
1054 969 1242 1018 arbitror,

312 1034 502 1075 Fratrem
544 1032 699 1074 homini
741 1032 897 1073 nemini
933 1033 1023 1072 esse
1065 1031 1292 1085 primarum
1328 1031 1480 1072 artium

761 1094 895 1149 magis
922 1093 1163 1148 principem.

202 1156 273 1199 Sv.
311 1157 352 1199 O
379 1156 594 1213 Ctesipho.
644 1156 719 1199 CT.
746 1155 788 1198 O
816 1156 935 1211 Syre,
959 1155 1199 1197 Aeschinus
1223 1155 1359 1196 ubist?
1408 1155 1479 1197 Sy.
1504 1159 1572 1194 260

760 1211 916 1268 Ellum‚
948 1226 988 1261 te
1013 1220 1204 1273 expectat
1229 1218 1353 1259 domi.
1403 1216 1478 1260 C‘r.

762 1284 886 1323 Hem.

202 1346 274 1388 Sy,
312 1346 427 1400 Quid
452 1348 537 1389 est?
586 1345 660 1388 CT.
687 1345 803 1398 Quid
827 1346 902 1386 sit?
926 1345 1035 1386 illius
1060 1345 1197 1400 opera,
1224 1344 1343 1399 Syre,
1368 1359 1480 1386 nunc

761 1409 872 1449 uiuo.
921 1407 1112 1449 festiuom
1139 1415 1276 1462 caput,

313 1470 399 1524 Qui
424 1487 540 1527 quom
564 1471 701 1512 omnia
726 1469 805 1511 sibi
833 1471 927 1525 post
957 1469 1117 1524 putavit
1149 1471 1239 1510 esse
1263 1484 1362 1524 prae
1386 1484 1480 1511 meo

763 1531 991 1580 commodo,

151 1607 183 1632 10
312 1595 555 1644 Maledicta,
582 1595 750 1644 famam,
776 1595 916 1636 meum
940 1593 1124 1635 laborem
1144 1600 1184 1635 et
1202 1594 1420 1648 peccatum
1438 1594 1481 1636 in

763 1672 807 1699 se
832 1656 1052 1697 transtulit.

313 1720 385 1761 Nil
420 1721 517 1775 pote
554 1734 691 1774 supra.
751 1719 852 1773 quid
887 1720 983 1759 nam
1025 1718 1124 1759 foris
1166 1718 1347 1773 crepuit?
1407 1717 1478 1760 SY.

761 1781 904 1831 Mane,
929 1795 1069 1822 mane:
1095 1780 1183 1836 ipse
1208 1782 1293 1822 exit
1316 1781 1440 1823 foras.

236 1908 559 1948 Anscmnvs
630 1904 911 1947 Cmsnmo
983 1904 1160 1947 SYRvs
1231 1904 1441 1948 SANNIO

247 1978 551 2005 ADVLESCENTES
754 1978 783 2003 11
998 1976 1145 2003 snnvos
1281 1977 1385 2004 LnNo

137 2032 284 2073 11,4An.
316 2032 439 2074 Vbist
462 2031 531 2072 ille
558 2030 809 2086 sacrilegus?
857 2029 929 2072 SA.
955 2030 1029 2071 Me
1049 2029 1223 2083 quaerit.
1260 2030 1360 2071 num
1380 2030 1481 2084 quid
1503 2034 1571 2069 265

761 2108 858 2134 nam
884 2092 1035 2134 ecfert?
1061 2092 1210 2134 occidi:

314 2155 386 2197 Nil
405 2155 541 2197 uideo.
578 2156 657 2196 AB.
685 2154 820 2196 Ehem
834 2155 1083 2209 opportune:
1103 2162 1143 2196 te
1156 2154 1293 2209 ipsum
1306 2156 1478 2209 quaero:

764 2217 863 2271 quid
889 2217 946 2265 fit,
973 2215 1200 2272 Ctesipho?

315 2280 367 2320 In
390 2280 518 2320 tfitost
543 2279 674 2320 omnis
699 2280 782 2320 res:
809 2279 952 2320 omitte
976 2279 1076 2320 uero
1101 2278 1305 2320 tristitiem
1330 2286 1456 2320 tuam.

206 2340 279 2383 CT.
317 2342 410 2397 Ego
424 2341 536 2382 illam
550 2341 686 2382 hercle
700 2355 799 2382 uero
813 2342 969 2390 omitto,
983 2341 1053 2394 qui
1068 2340 1236 2394 quidem
1250 2348 1290 2383 te
1304 2340 1480 2384 habeam

762 2403 948 2444 fratrem:
975 2417 999 2443 o
1023 2403 1079 2443 mi
1105 2402 1330 2452 Aeschine,

170 2479 186 2504 z,
318 2464 358 2507 O
385 2466 441 2506 mi
466 2464 680 2520 germane!
707 2465 773 2514 ah,
798 2466 945 2506 uereor
969 2479 1108 2506 coram
1127 2466 1169 2506 in
1187 2465 1231 2506 os
1250 2472 1291 2507 te
1309 2465 1481 2507 laudare

763 2527 955 2582 amplius,
1276 2568 1280 2572 .

318 2589 381 2631 Ne
402 2589 443 2630 id
461 2589 705 2631 adsentandi
726 2589 858 2644 magis
878 2604 1003 2643 quam
1018 2603 1099 2643 quo
1119 2589 1294 2632 habeam
1315 2592 1481 2646 gra-tum
1505 2594 1573 2630 270

767 2652 903 2693 facere
928 2653 1161 2693 existumes.
