1700 2984
98 198 163 242 IV,
181 198 200 233 7
667 191 937 230 EVNVCHVS
1361 178 1440 222 135

279 263 435 319 Omnia
481 274 595 331 prius
644 274 821 329 experiri
868 287 994 327 quam
1040 270 1166 313 armis
1214 271 1441 326 sapientem

727 336 858 377 decet.

115 415 148 440 20
279 402 365 455 Qui
390 401 469 443 scis
494 415 547 442 an
570 413 677 453 quae
701 398 867 439 iubeam
893 397 980 438 sine
1004 396 1048 437 ui
1078 395 1228 437 fatciat?
1278 394 1359 438 GN.
1384 395 1443 436 Di
1468 401 1534 435 790

726 462 909 500 uostrzim
934 459 1072 507 fidem,

279 525 477 578 Quantist
508 522 670 579 sapere!
707 523 934 575 numquam
966 520 1131 570 accedo,
1167 522 1267 574 quin
1299 521 1373 562 abs
1404 529 1443 562 te

727 584 874 625 abeam
900 583 1070 624 dectior.

166 651 269 692 Tmz.
285 650 427 699 Thaii's,
452 649 632 704 primum
657 647 735 688 hoc
760 646 860 686 mihi
884 645 1109 699 responde:
1140 647 1267 699 qudm
1292 646 1366 687 tibi
1391 646 1444 686 do

726 708 847 748 istam
873 707 1092 761 uirginem,

278 772 428 814 Dixtin
452 771 526 812 hos
552 770 639 811 dies
664 769 764 810 mihi
790 768 866 809 soli
891 768 988 809 dare
1014 768 1078 809 te?
1114 768 1192 808 ΤΗ.
1218 767 1333 819 Quid
1357 775 1444 809 tum

729 830 899 885 pbstea?

167 896 487 952 THR.R‹5gitas·?
517 909 625 949 quae
655 893 711 934 mi
742 900 838 934 ante
868 892 1008 933 doulos
1046 906 1183 932 coram
1221 894 1446 933 amatorem

730 955 901 996 adduxti
926 962 1040 995 tuom

116 1033 149 1058 25
167 1021 246 1062 ΤΗ.
278 1019 393 1073 Quid
424 1034 519 1061 cum
548 1019 643 1060 illoc
674 1017 799 1073 agzis?
846 1016 950 1056 Tfflz.
984 1023 1024 1057 et
1053 1030 1148 1056 cum
1180 1030 1229 1057 eo
1265 1017 1304 1057 te
1342 1016 1447 1057 clam
1471 1024 1538 1059 795

728 1078 926 1119 subduxti
951 1077 1076 1118 mihi?

168 1145 246 1186 ΤΗ.
278 1144 452 1185 Lubuit.
511 1143 614 1183 Tim.
646 1140 913 1196 Pamphilam
950 1140 1049 1195 ergo
1083 1139 1164 1180 huc
1194 1140 1334 1188 redde,
1370 1141 1448 1181 nisi

728 1203 771 1243 ui
795 1201 930 1243 mauis
956 1201 1071 1256 eripi.

169 1266 246 1309 Cn.
277 1267 375 1308 Tibi
399 1266 512 1308 illam
537 1265 683 1308 reddat
708 1265 779 1305 aut
804 1272 849 1305 tu
874 1278 964 1304 eam
990 1270 1150 1317 tangas,
1177 1263 1362 1303 emnium
1383 1295 1392 1304 .
1413 1264 1449 1304 .?

729 1325 811 1368 GN.
837 1325 923 1375 Ah,
949 1325 1050 1379 quid
1075 1325 1188 1380 agis?
1212 1333 1314 1366 tace.

168 1391 271 1432 THR.
289 1391 402 1443 Quid
430 1398 475 1431 tu
506 1389 581 1431 tibi
612 1388 702 1430 uis?
732 1390 810 1443 e'go
846 1402 930 1428 non
960 1395 1129 1442 tangam
1160 1388 1322 1427 metim?
1369 1385 1447 1429 CH.

728 1450 865 1491 Tuam
891 1456 1042 1498 autem,
1068 1449 1263 1491 furcifer?

171 1515 251 1558 GN.
285 1515 402 1557 Caiue
428 1515 500 1557 sis:
530 1514 663 1556 nescis
690 1514 787 1567 quoi
811 1512 919 1554 male
945 1512 1057 1553 dicas
1083 1512 1193 1553 nunc
1217 1512 1319 1554 uiro.
1370 1511 1447 1553 Cu.

726 1575 822 1616 Non
847 1581 892 1615 tu
916 1573 1012 1614 hinc
1037 1573 1152 1614 abis?

118 1651 151 1677 30
283 1638 383 1681 Scin
408 1646 452 1679 tu
477 1645 523 1679 ut
547 1637 621 1678 tibi
646 1651 710 1678 res
735 1651 779 1678 se
803 1635 981 1677 habeat?
1017 1635 1050 1676 si
1075 1635 1297 1689 quicquam
1329 1635 1448 1677 h6die
1472 1641 1540 1675 800

729 1697 797 1739 hic
821 1696 967 1738 turbae
992 1696 1189 1751 coeperis,

281 1762 452 1803 Faciam
477 1769 523 1802 ut
547 1761 670 1802 huius
694 1760 774 1801 loci
799 1760 965 1813 dieique
989 1760 1152 1812 meique
1178 1774 1340 1814 semper
1363 1761 1450 1800 me-

730 1837 910 1862 mmerls.

173 1885 251 1929 GN.
283 1886 456 1927 Miseret
481 1885 539 1926 tui
564 1899 644 1933 me,
671 1884 741 1938 qui
766 1884 876 1923 hunc
901 1890 1062 1923 tantum
1088 1882 1297 1923 hominem
1321 1883 1449 1925 facias

733 1946 945 1986 inimicum
971 1945 1057 1986 tibi.

172 2010 249 2052 Cn.
283 2011 525 2051 Diminuam
556 2024 634 2064 ego
665 2009 740 2049 tibi
770 2017 894 2063 caput
924 2008 1063 2056 hodie,
1095 2007 1173 2048 nisi
1204 2007 1306 2049 abis.
1367 2007 1448 2050 GN.

730 2072 817 2112 Ain
840 2072 951 2120 uerti,
978 2071 1116 2112 canis?

284 2136 423 2178 Sicine
461 2135 576 2190 agis?
622 2134 725 2175 THR.
759 2133 867 2186 Quis
903 2135 947 2174 tu
983 2134 1104 2174 homo
1141 2134 1209 2174 es?
1244 2133 1345 2186 quid
1374 2134 1450 2174 tibi

729 2197 817 2237 uis?
848 2196 947 2249 quid
973 2210 1067 2236 cum
1092 2196 1161 2235 illa
1185 2197 1244 2236 rei
1268 2195 1405 2236 tibist?

122 2274 153 2299 35
174 2260 251 2302 CH.
286 2260 440 2302 Scibis:
461 2259 662 2315 principio
677 2260 767 2299 e'am
783 2273 872 2300 esse
887 2258 978 2298 dico
993 2258 1178 2298 liberam.
1206 2258 1307 2299 THR.
1325 2259 1449 2299 Hem.
1475 2269 1541 2303 805

734 2320 810 2362 CH.
834 2319 983 2362 Ciuem
1003 2308 1202 2361 Atticam.
1229 2321 1332 2361 THR.
1348 2322 1450 2362 Hui,

174 2384 250 2426 CH.
282 2385 425 2426 Mezim
446 2399 639 2426 sororem.
675 2384 713 2424 T
716 2400 779 2424 HR.
800 2382 864 2425 Os
885 2384 1046 2424 durum.
1086 2382 1163 2424 CH.
1183 2383 1322 2432 Miles,
1341 2384 1451 2424 nunc

733 2447 836 2487 adeo
861 2446 976 2487 edice
1003 2446 1091 2494 tibi,

285 2510 349 2551 Ne
374 2510 459 2551 uim
484 2510 612 2551 facias
638 2509 765 2550 ullam
790 2509 830 2549 in
856 2508 982 2549 illam.
1041 2508 1183 2557 Thetis,
1215 2522 1292 2562 ego
1325 2522 1373 2549 eo
1399 2507 1450 2548 ad

735 2569 998 2625 Sdphronam

286 2634 514 2682 Nutricem,
551 2641 595 2674 ut
634 2648 723 2674 eam
761 2633 965 2673 adducam
1002 2640 1040 2672 et
1078 2631 1197 2686 signa
1237 2631 1452 2672 ostendam

734 2695 848 2736 haec.
885 2695 987 2735 THR.
1014 2694 1111 2734 Tun
1130 2709 1195 2735 me
1220 2694 1451 2749 prdliibeas,
