1726 2984
236 137 292 180 54
556 148 804 184 HEAVTON
832 147 1139 184 TIMORVMEN
1143 148 1201 184 OS
1484 145 1582 183 Ptol.

168 225 213 260 20
295 228 437 270 Habet
462 229 666 270 bonorum
691 229 942 284 exemplum,
970 243 1053 283 quo
1079 230 1269 284 exempld
1294 228 1374 271 sibi
1537 239 1569 266 20

296 295 446 337 Licere
471 296 513 337 id
539 297 678 338 facere
701 295 815 350 qudd
839 295 897 337 illi
922 296 1108 338 fecerunt
1131 303 1261 352 putat.

296 363 406 405 Tum
430 364 546 418 qu6d
569 363 792 405 maliuolus
816 365 937 404 uetus
962 367 1085 418 poe'ta
1109 363 1283 413 dictitat,

294 430 484 485 Repente
509 431 562 472 ad
587 430 770 472 studium
795 429 906 472 hune
930 445 974 472 se
998 430 1230 486 adplieasse
1253 431 1471 481 musicum,

291 499 491 539 Amicum
516 498 685 554 ingenio
710 498 876 547 fretum,
901 497 1013 539 haud
1037 501 1187 539 natura
1214 514 1308 540 sua:

166 563 211 597 25
291 565 526 608 Arbitrium
550 573 751 615 uostrum‚
776 567 919 607 ndstra
942 565 1207 607 existumatio
1536 576 1570 603 25

292 633 475 674 Valebit.
524 648 608 687 qua
631 648 675 674 re
701 634 835 674 omnis
860 647 936 674 uos
961 634 1099 674 oratds
1125 633 1234 682 uolo,

291 701 357 743 Ne
382 701 475 756 plus
500 701 685 754 iniquom
710 700 840 756 p6ssit
865 714 990 754 quam
1017 715 1195 755 aequom
1218 699 1361 741 oratio.

289 768 433 809 Facite
459 768 581 822 aequi
606 768 706 816 sitis,
733 767 828 809 date
853 767 1066 809 crescendi
1092 767 1269 823 edpiam,

291 835 509 877 Nouarum
532 835 605 889 qui
630 835 843 890 spectandi
868 835 1028 876 faciunt
1052 836 1215 891 edpiam

165 911 210 947 30
292 902 393 945 Sine
417 903 541 944 uitiis.
600 918 652 944 ne
677 902 746 944 ille
770 903 844 958 pr6
870 917 915 944 se
939 902 1097 945 dietum
1123 905 1359 952 existumet,
1536 913 1570 939 30

291 970 377 1023 Qui
401 972 534 1026 nuper
558 971 657 1012 fecit
681 972 802 1012 seruo
828 970 1008 1012 currenti
1031 972 1075 1011 in
1100 971 1169 1011 uia

289 1038 475 1080 Decesse
500 1039 720 1093 populum:
747 1039 852 1092 qu6r
875 1038 1021 1079 insano
1047 1038 1226 1078 seruiat?

290 1107 360 1148 De
384 1106 494 1147 illius
519 1106 701 1161 peccatis
726 1106 845 1161 plura
870 1105 992 1155 dicet,
1016 1107 1144 1159 qu6m
1169 1105 1282 1146 dabit

291 1174 411 1215 Alias
435 1188 581 1222 nouas,
605 1173 685 1214 nisi
709 1173 837 1214 finem
863 1172 1092 1214 maledictis
1116 1172 1227 1214 facit.

165 1251 209 1287 35
291 1241 452 1283 Adeste
477 1254 611 1295 aequo
638 1241 789 1289 animo,
816 1240 910 1282 date
935 1242 1181 1295 potestatem
1205 1240 1306 1281 mihi
1538 1250 1572 1277 ³5

291 1308 514 1351 Statariam
543 1323 668 1364 agere
692 1315 739 1348 ut
762 1308 883 1349 h'ceat
909 1323 984 1363 per
1008 1308 1230 1357 silentium,

290 1377 356 1419 Ne
384 1379 548 1432 semper
571 1391 713 1418 seruos
738 1376 920 1424 currens,
946 1375 1075 1417 iratus
1099 1391 1240 1424 senex,

291 1445 414 1486 Edax
438 1444 659 1500 parasitus,
685 1444 944 1500 sycophanta
968 1451 1108 1486 autem
1132 1444 1352 1498 inpudens,

292 1514 463 1554 Auarus
488 1513 582 1554 leno
609 1512 781 1553 adsidue
807 1512 957 1567 agendi
982 1513 1064 1553 sint
1087 1511 1189 1552 mihi

167 1591 211 1626 40
295 1580 491 1623 Clamdre
517 1595 694 1629 summo,
720 1581 815 1621 oum
839 1580 981 1621 labore
1005 1582 1216 1621 maxumo.
1540 1591 1573 1615 40

290 1649 394 1691 Mea
407 1650 533 1691 eausa
546 1663 715 1690 eausam
730 1648 838 1689 hanc
851 1648 1002 1689 iustam
1016 1663 1108 1690 esse
1121 1648 1305 1689 animum
1319 1647 1514 1696 inducite,

293 1718 354 1760 Vt
378 1717 519 1771 aliqua
542 1732 638 1772 pars
663 1716 816 1758 labdris
842 1716 1053 1757 minuatur
1076 1716 1189 1757 mihi.

289 1785 401 1827 Nam
430 1785 542 1826 nunc
567 1799 697 1826 nouas
721 1784 793 1837 qui
819 1784 1018 1833 scribunt,
1044 1784 1101 1825 nil
1125 1785 1301 1839 pareunt
1326 1783 1431 1826 seni:

294 1853 341 1896 Si
366 1854 474 1907 quae
499 1852 759 1901 laboridsast‚
785 1852 838 1892 ad
863 1867 930 1892 me
955 1852 1149 1901 curritur3

167 1930 212 1965 45
296 1921 342 1964 Si
367 1921 470 1963 lenis
497 1928 572 1971 est,
598 1921 651 1962 ad
675 1921 802 1962 alium
829 1920 1014 1962 defertur
1037 1935 1222 1976 gregem.
1540 1933 1573 1958 45

292 1989 343 2031 In
370 1989 448 2030 hac
474 1997 536 2031 est
559 2004 666 2044 pura
690 1988 833 2029 oratio.
883 1989 1139 2043 experimini,

294 2058 346 2099 In
371 2059 591 2110 utramque
616 2064 776 2112 partem
802 2056 1017 2111 ingenium
1042 2056 1143 2110 quid
1167 2057 1295 2111 possit
1320 2071 1469 2098 meum.

298 2125 344 2167 Si
369 2126 597 2179 numquam
623 2139 749 2166 auare
774 2124 953 2179 pretium
979 2124 1104 2165 statui
1129 2126 1206 2164 arti
1230 2139 1348 2165 meae

293 2193 350 2235 Et
365 2209 459 2235 eum
474 2195 566 2234 e'sse
581 2200 801 2246 quaestum
816 2191 857 2232 in
871 2191 1055 2232 animum
1068 2191 1213 2232 induxi
1227 2194 1482 2239 maxumum,

167 2272 211 2306 50
291 2261 432 2314 Quam
456 2262 651 2302 maxume
684 2261 839 2301 seruire
863 2259 1014 2300 uostris
1040 2259 1287 2300 cdmmodis:
1543 2271 1576 2297 50

292 2328 545 2384 Exemplum
574 2327 740 2369 statuite
764 2328 807 2367 in
832 2342 912 2375 me,
938 2334 985 2367 ut
1010 2326 1311 2368 adulescentuli

293 2397 424 2441 Vobis
451 2397 617 2452 plaeere
643 2395 836 2437 studeant
862 2394 999 2449 potius
1026 2396 1151 2448 quam
1178 2395 1269 2436 sibi.
