1700 2984
101 471 168 507 625

100 1095 167 1129 630

99 1719 166 1754 635

103 2595 170 2631 640

195 129 278 171 264

193 2341 273 2382 ΑΕ.

700 137 977 174 ADELPHOE
1387 140 1456 185 lv,
1471 141 1505 175 4.
1523 141 1547 177 5

308 219 432 262 Sensi
460 219 556 262 ilico
581 219 625 261 id
655 219 746 261 illas
779 219 994 274 suspicari,
1031 220 1105 261 sed
1135 235 1201 262 me
1231 220 1480 276 reprehendi
1497 232 1530 258 15

758 289 911 330 tamen,

305 342 371 385 Ne
396 342 498 397 quid
523 343 573 385 de
598 342 727 385 fratre
759 344 952 398 garrulae
982 342 1043 384 illi
1075 343 1255 385 dicerem
1286 358 1334 385 ac
1364 343 1481 385 fieret

755 405 908 459 palam.

304 467 428 509 Nunc
453 466 555 520 quid
579 466 756 508 faciam?
781 466 917 507 dicam
936 466 1075 508 fratris
1100 467 1190 508 esse
1210 466 1342 508 hanc?
1366 466 1479 521 quod

757 528 980 569 minumest
1004 542 1109 583 opus

303 577 497 644 Vsquam
533 589 693 631 ecferri.
743 604 791 631 ac
826 591 962 631 mitto:
999 589 1087 631 fieri
1119 590 1223 645 petis
1254 597 1315 632 est
1345 596 1391 631 ut
1426 604 1479 632 ne

314 702 322 714 Ι
756 666 840 705 qua
864 654 1003 694 exeat:

304 714 355 756 Id
378 715 516 770 ipsum
540 722 682 756 metuo
708 722 754 756 ut
784 714 968 757 credant.
1017 722 1077 756 tot
1109 715 1360 756 concurrunt
1389 715 1479 756 ueri

321 829 327 837 1
757 777 923 818 similia:

303 840 486 895 Egomet
516 839 636 894 rapui
668 839 776 894 ipse3
813 840 979 894 egomet
1010 838 1116 880 solui
1148 838 1386 892 argentum3
1424 838 1478 881 ad
1496 851 1529 877 20

754 917 821 942 me
846 901 1066 942 abductzist
1091 901 1273 943 domum.

303 965 424 1006 Haec
450 964 554 1006 adeo
578 979 673 1005 mea
698 964 820 1018 culpa
844 963 979 1004 fateor
1003 963 1108 1005 fieri.
1156 977 1240 1004 non
1272 978 1337 1004 me
1369 961 1478 1005 hanc

753 1027 840 1067 rem
865 1026 986 1081 patri,

303 1075 363 1130 Vt
392 1094 439 1129 ut
476 1094 564 1129 erat
601 1094 732 1143 gesta,
769 1086 995 1129 indicassel
1033 1087 1266 1129 exerassem
1304 1094 1350 1128 ut
1386 1102 1478 1128 eam

755 1149 962 1190 ducerem.

305 1211 527 1255 Cessatum
547 1225 681 1265 usque
701 1211 837 1253 adhuc
857 1219 938 1253 est:
963 1226 1076 1252 nunc
1095 1225 1230 1266 porro,
1253 1210 1476 1261 Aeschine,

756 1273 1063 1329 expergiscere!

303 1337 427 1379 Nunc
452 1336 532 1378 hoc
556 1336 796 1392 primumst:
822 1337 876 1377 aid
900 1336 992 1377 illas
1017 1336 1101 1384 ibo,
1127 1344 1171 1376 ut
1197 1336 1371 1391 purgem
1396 1352 1476 1378 me.

757 1399 954 1440 accedam
978 1399 1031 1439 aid
1057 1398 1178 1439 fores.

302 1462 435 1504 Perii:
462 1462 656 1503 horresco
682 1462 858 1516 semper,
885 1461 956 1502 ubi
981 1461 1144 1516 pultare
1170 1460 1294 1502 hasce
1320 1460 1478 1515 occipie
1497 1472 1529 1498 25

753 1524 890 1564 miser.

304 1587 423 1628 Heus
449 1586 571 1627 heus:
609 1585 846 1627 Aeschinus
879 1600 957 1640 ego
989 1600 1094 1626 sum.
1143 1585 1299 1640 aperite
1328 1585 1478 1640 aliquis

755 1654 941 1689 actutum
966 1647 1129 1688 ostium.

303 1711 447 1753 Prodit
471 1710 613 1753 nescio
639 1711 750 1764 quis:
778 1709 1005 1751 concedam
1031 1709 1126 1751 huc.

545 1886 722 1927 Mlcro
805 1886 1130 1926 Anscnmvs

566 1964 689 1990 snm-:x
832 1962 1087 1989 AnvLEsans

863 2022 940 2063 MI.
966 2009 1033 2062 ita
1058 2021 1117 2062 uti
1143 2020 1240 2070 dixi,
1270 2019 1548 2070 Scistrata‚1v,5

303 2088 469 2136 Fecite3
496 2101 574 2142 ego
601 2084 861 2127 Aeschinum
888 2085 1147 2133 conueniam,
1179 2092 1224 2125 ut
1249 2085 1330 2138 que
1354 2086 1478 2126 modo

758 2158 851 2189 acta
875 2149 978 2190 haec
1003 2150 1082 2189 sint
1108 2147 1222 2188 sciat.

307 2213 393 2256 Sed
418 2212 512 2267 quis
542 2211 694 2254 ostium
719 2211 796 2252 hoc
825 2212 1030 2267 pultauit?
1077 2211 1158 2252 AB.
1184 2211 1312 2252 Pater
1342 2211 1479 2253 hercle

758 2283 837 2315 est:
863 2274 979 2329 perii.
1040 2274 1116 2314 M1.
1143 2273 1367 2323 Aeschine,

306 2337 422 2391 Quid
452 2337 550 2379 huic
580 2337 646 2378 hic
676 2337 883 2392 negotist?
929 2337 1006 2379 Mr.
1044 2337 1142 2378 tune
1174 2336 1248 2377 has
1284 2336 1479 2391 pepulisti

757 2400 892 2441 fores?

306 2465 450 2506 Tacet.
490 2464 593 2518 quer
617 2477 701 2504 non
725 2463 824 2503 ludo
850 2463 961 2505 hunc
984 2462 1307 2517 aliquantisper?
1326 2461 1478 2512 *melius
1514 2474 1530 2499 5

757 2533 833 2574 est,

309 2588 662 2643 Quandequidem
688 2588 766 2629 hoc
790 2603 1019 2642 numquam
1050 2587 1106 2628 mi
1136 2589 1225 2643 ipse
1257 2587 1386 2628 uoluit
1418 2587 1479 2628 di-

756 2664 861 2692 cere.

1690 2556 1700 2638 m,=..
1695 2497 1700 2527 -.

1689 2748 1697 2765 ‹—
1685 2657 1700 2738 rea».
