1700 2984
151 194 237 238 v‚9

719 192 994 228 ADELPHOE
1414 183 1496 225 279

218 274 299 315 ΒΕ.
328 261 559 330 Optumam
582 274 750 328 quidem
776 275 1003 315 mulierem.
1055 273 1126 315 ΞΥ.
1153 273 1210 314 Et
1235 273 1403 327 quidem
1429 275 1499 314 tue

167 657 200 682 20
218 646 293 687 M1.

219 770 290 811 Sv.

215 895 293 936 M1.

165 1280 197 1305 25
216 1270 294 1310 Am.

213 1519 290 1561 Ml.

161 1905 194 1930 30

160 2528 192 2552 35

775 336 916 391 nepoti
941 336 1064 376 huius
1088 336 1174 376 silio

330 399 467 440 Hedie
498 400 632 454 prima
662 401 886 440 mammam
917 398 1029 439 dedit
1059 398 1173 439 haec.
1233 398 1316 439 DE.
1343 398 1497 440 Hercle
1522 402 1589 437 975

779 475 878 502 uero
904 461 1024 509 serio,

331 522 548 576 Siquidem
572 523 705 578 prima
726 523 852 571 dedit,
879 522 991 563 haud
1011 522 1224 563 dubiumst
1243 524 1343 575 quin
1370 523 1499 564 emitti

346 633 355 647 Ι
776 586 951 638 aequem
977 585 1066 626 siet.

330 647 400 687 Ob
437 662 529 688 eam
572 648 684 688 rem?
741 647 823 687 DE.
862 645 934 687 Ob
978 662 1081 687 eam.
1130 647 1336 701 pestremo
1373 662 1397 688 a
1432 662 1498 689 me

778 710 996 763 argentum
1022 709 1205 761 quantist
1230 708 1392 749 sumito.

328 770 385 810 Di
427 771 522 820 tibi,
558 771 739 818 Demea,
788 771 929 811 emnes
975 786 1138 825 semper
1179 771 1315 811 emnia
1357 779 1498 825 optata

779 832 976 873 offerant!

334 895 460 950 Syre,
497 895 731 950 processisti
763 895 884 935 hedie
921 894 1104 948 pulchre.
1164 894 1246 935 DE.
1279 894 1497 949 Siquidem

775 971 909 1010 porro,
935 957 1079 1005 Micio,

328 1020 395 1060 Tu
420 1028 533 1060 tuom
559 1019 741 1060 officium
768 1019 908 1067 facies,
940 1026 1064 1072 atque
1090 1019 1186 1060 huic
1214 1020 1370 1074 aliquid
1395 1035 1498 1075 pau-
1521 1025 1588 1059 980

774 1082 860 1122 lum
885 1082 983 1136 prae
1009 1097 1133 1122 manu

327 1144 520 1194 Dederis,
547 1145 656 1185 unde
683 1146 840 1184 utatur:
868 1143 1010 1184 reddet
1037 1144 1109 1184 tibi
1137 1144 1230 1184 cito.
1283 1144 1360 1185 M1.
1387 1145 1497 1187 Istoc

774 1206 911 1246 uilius.

326 1269 456 1324 Frugi
476 1269 651 1310 homost.
691 1268 762 1310 SY.
785 1268 976 1329 Reddam
996 1267 1147 1316 hercle,
1170 1268 1223 1309 da
1240 1269 1376 1310 modo.
1414 1270 1494 1310 AB.

775 1332 885 1385 Age,
899 1329 1037 1384 pater!
1061 1330 1139 1370 Mx.
1154 1330 1257 1371 Post
1271 1332 1494 1374 odnsulam.

288 1394 479 1435 ‚Faciet
547 1393 617 1435 Sv.
656 1392 696 1434 O
734 1393 798 1433 uir
834 1392 1023 1447 eptumel
1090 1394 1170 1434 An.
1210 1392 1249 1434 O
1288 1396 1404 1448 pater
1441 1395 1497 1435 mi

776 1455 1075 1496 festinissume!
1102 1480 1156 1484 ——-

326 1519 439 1571 Quid
464 1519 596 1559 istuc?
633 1533 739 1572 quae
764 1533 830 1559 res
855 1519 940 1558 tam
964 1526 1133 1572 repente
1159 1519 1292 1560 meres
1318 1521 1496 1560 mutauit

771 1581 889 1621 tuos?

326 1644 453 1695 Qued
490 1643 751 1698 prolubium?
788 1644 895 1696 quae
932 1643 1059 1684 istaec
1090 1643 1266 1684 subitast
1300 1644 1495 1699 largitas?
1519 1648 1586 1682 985

772 1705 855 1746 DE.
882 1705 1034 1746 Dicam
1060 1705 1152 1747 tibi:

324 1756 382 1811 Vt
408 1769 449 1810 id
469 1769 742 1817 ostenderem,
769 1769 880 1822 quod
906 1777 944 1809 te
969 1768 1036 1808 isti
1055 1768 1220 1809 facilem
1244 1776 1284 1810 et
1303 1769 1495 1811 festinem

772 1838 933 1885 putant,

324 1881 375 1935 I'd
399 1909 483 1935 non
507 1894 596 1935 fieri
622 1909 673 1935 ex
698 1894 798 1934 uera
823 1893 909 1933 uita
934 1894 1069 1946 neque
1095 1894 1198 1935 adeo
1219 1909 1271 1935 ex
1296 1909 1429 1948 aequo
1454 1897 1494 1936 et

776 1956 898 2004 bono,

326 2018 411 2061 Sed
459 2034 510 2060 ex
553 2018 828 2066 adsentando,
875 2018 1129 2072 indulgendo
1178 2027 1216 2059 et
1264 2020 1492 2076 largiendo,

771 2081 914 2121 Micio.

324 2143 445 2184 Nunc
471 2143 574 2184 adeo
600 2143 633 2184 si
659 2143 711 2183 ob
737 2144 828 2184 etim
854 2158 941 2183 rem
966 2143 1085 2183 uobis
1110 2145 1203 2184 mea
1227 2144 1314 2185 uita
1343 2144 1492 2195 inuisa,

771 2205 994 2253 Aeschine,
1021 2213 1095 2255 est,

324 2267 435 2320 Quia
460 2282 539 2307 non
567 2268 676 2308 iusta
700 2267 852 2307 iniusta
878 2283 1044 2322 prorsus
1071 2269 1208 2309 emnia
1227 2269 1393 2310 omnino
1419 2271 1493 2311 eb-
1516 2273 1583 2308 990

771 2345 931 2383 sequor,

323 2392 457 2432 Missa
487 2392 613 2432 facio:
652 2391 876 2439 ecfi'mdite‚
909 2393 1043 2441 emite,
1074 2392 1197 2434 facite
1229 2394 1340 2447 quod
1372 2395 1492 2436 uobis

772 2454 896 2495 lubet.

326 2515 410 2557 Sed
430 2516 462 2556 si
478 2516 518 2556 id
538 2516 660 2556 uoltis
675 2515 822 2570 petius,
845 2531 951 2570 quae
971 2532 1046 2558 uos
1066 2518 1232 2572 prepter
1250 2518 1492 2560 adulescen-

771 2578 869 2619 tiam

323 2640 466 2680 Minus
500 2641 663 2690 uidetis,
702 2642 833 2696 magis
871 2642 1041 2696 inpense
1078 2643 1239 2697 cupitis,
1278 2644 1490 2685 consulitis

772 2719 931 2758 parum,
