1700 2984
139 171 188 217 11,

155 265 188 289 20

150 883 182 909 25

146 1384 178 1409 30

142 1885 175 1910 35

137 2511 170 2534 40

205 173 227 206 2
712 170 980 207 EVNVCHVS
1406 162 1483 203 111

320 251 537 306 Quidquid
574 251 734 301 dicunt,
778 252 922 301 laudm
964 251 1006 292 id
1048 265 1211 292 rursum
1247 252 1281 292 si
1315 258 1483 307 negant,

763 314 888 356 laudo
911 314 955 355 id
979 327 1145 368 quoque
1153 330 1163 363 3

318 377 458 433 Negat
488 376 599 430 quis:
637 390 765 431 nego3
809 382 883 417 a'it:
920 376 1003 425 aio;
1039 383 1247 431 postremo
1281 376 1485 432 imper-aui

763 439 927 493 egome't
951 437 1053 479 mihi

317 486 474 542 Omnia
510 499 732 541 adsentari.
793 500 827 541 is
869 508 1066 554 quaestus
1107 500 1218 542 nl'mc
1255 508 1316 542 est
1352 501 1483 543 multo

764 562 1026 604 uberrimus?

202 623 279 665 ΡΑ.
313 623 474 666 Scitum
499 623 637 666 hercle
662 624 890 665 hominem!
917 624 984 666 hic
1008 624 1196 666 homines
1214 640 1405 680 prorsum
1430 641 1481 667 ex

764 686 898 727 stultis
923 687 1090 728 insanos
1116 686 1227 728 facit.

203 746 283 790 GN,
316 748 433 789 Dum
469 748 572 790 haec
608 748 830 802 loquimur,
867 748 1024 790 interea
1059 749 1139 790 loci
1175 749 1228 790 ad
1261 750 1481 791 macellum
1504 752 1572 787 255

761 810 834 851 ubi
859 811 1149 861 aduentamus,

314 872 579 914 Concurrunt
609 873 708 914 laeti
737 872 795 913 mi
820 873 988 914 obuiam
1013 873 1298 928 cuppedinarii
1323 876 1479 923 omnes,

313 934 482 985 Cet-arii,
508 935 619 984 lanii,
646 935 782 989 coqui,
808 934 997 985 fartores,
1022 936 1262 991 piscatores,

312 996 479 1050 Quibus
512 1000 552 1039 et
582 1012 625 1038 re
657 998 774 1038 salua
805 1005 845 1038 et
870 997 1031 1052 perdita
1055 998 1293 1053 proflieram
1323 1006 1363 1039 et
1386 1013 1480 1054 pro-

761 1075 853 1101 sum
880 1062 1021 1115 saepe:

313 1121 525 1173 Salutant,
568 1122 620 1164 ad
663 1124 808 1164 cenam
850 1130 1021 1173 uocant,
1069 1123 1297 1165 aduentum
1338 1131 1480 1178 gratu-

758 1185 909 1226 lantur.

309 1247 386 1289 Ille
409 1247 482 1288 fibi
507 1247 632 1289 miser
655 1248 871 1289 famelicus
896 1247 1010 1289 uidet
1034 1248 1090 1289 mi
1116 1250 1207 1290 esse
1226 1256 1386 1290 tantum
1405 1249 1479 1290 ho-
1502 1252 1571 1287 260

760 1312 918 1359 norem,

309 1373 415 1413 Tam
436 1373 558 1414 facile
577 1374 735 1414 uictum
756 1375 973 1427 quaerere:
994 1371 1093 1428 [ibi]
1114 1372 1238 1414 homo
1258 1374 1393 1429 coepit
1412 1389 1478 1415 me

760 1436 993 1484 obsecrare,

309 1498 368 1541 Vt
394 1498 472 1539 sibi
497 1499 636 1540 liceret
664 1498 821 1539 discere
847 1498 888 1538 id
914 1498 964 1538 de
989 1499 1073 1538 me:
1100 1498 1246 1539 sectari
1272 1498 1386 1548 iussi,

309 1559 355 1603 Si
380 1561 487 1615 potis
513 1569 588 1610 est,
614 1568 828 1614 tamquam
853 1559 1194 1615 philosophorum
1221 1560 1375 1602 habent
1395 1561 1477 1602 dis-

756 1623 932 1678 ciplinae
958 1638 1009 1664 ex
1033 1624 1133 1678 ipsis

306 1686 537 1734 vocabula,
564 1685 734 1741 parasiti
760 1686 817 1726 ita
841 1693 888 1726 ut
914 1684 1170 1727 Gnathonici
1195 1688 1408 1728 uoce'ntur.

193 1747 271 1789 ΡΑ.
302 1748 441 1791 Viden
466 1748 594 1789 otium
621 1757 661 1789 et
682 1748 799 1790 cibus
819 1748 918 1801 quid
938 1748 1038 1789 facit
1058 1748 1242 1789 alienus?
1280 1747 1361 1791 GN.
1391 1748 1478 1790 Sed
1501 1758 1568 1793 265

758 1826 837 1866 ego
864 1812 980 1851 cesso

306 1873 376 1914 Ad
402 1873 607 1914 Thaidem
639 1873 746 1914 hanc
779 1873 983 1914 deducere
1009 1880 1049 1914 et
1079 1876 1227 1928 rogare
1253 1874 1306 1915 ad
1331 1889 1477 1915 cenam

754 1943 799 1976 ut
825 1936 991 1976 ueniat?

306 1998 392 2041 Sed
417 1998 721 2039 Parmenonem
749 2006 843 2039 ante
876 1998 1026 2039 ostium
1058 1999 1128 2039 hoc
1157 2000 1287 2040 asta're
1317 1999 1476 2041 tristem

752 2061 888 2110 uideo,

304 2124 462 2165 Riualis
489 2139 671 2165 seruom:
698 2124 815 2165 salua
840 2139 905 2165 res
931 2131 1005 2165 est.
1048 2125 1090 2164 ni
1114 2124 1265 2166 mirum
1286 2124 1473 2167 homines

753 2186 919 2241 frigent.
981 2187 984 2189 Α

303 2248 568 2290 Nebulonem
592 2248 703 2289 hunc
725 2256 923 2289 certumst
942 2248 1097 2289 ludere.
1140 2248 1217 2290 PA.
1245 2249 1374 2291 Hisce
1394 2250 1472 2291 hoc

754 2311 925 2351 munere
951 2311 1204 2351 arbitrantur

303 2372 433 2415 Suam
464 2372 668 2414 Thaidem
700 2388 803 2414 esse.
865 2371 946 2414 GN.
986 2372 1176 2414 Plurima
1206 2374 1338 2415 salute
1367 2374 1473 2416 Par-
1496 2379 1564 2415 270

752 2436 972 2477 ment'mem

303 2497 525 2539 Summum
565 2513 683 2538 suom
721 2498 887 2552 inpertit
926 2497 1107 2538 Gnatho,
1168 2498 1268 2552 quid
1310 2499 1472 2554 agitur?

750 2560 828 2600 ΡΑ.
860 2559 1017 2601 Statur.
1080 2559 1159 2601 GN.
1186 2561 1334 2603 Video.

303 2622 413 2663 Num
446 2622 546 2675 quid
582 2638 679 2663 nam
709 2622 775 2663 hic
805 2622 918 2675 quod
948 2622 1053 2662 nolis
1084 2623 1226 2663 uides?
1284 2623 1361 2665 PA.
1394 2624 1468 2666 Te.

751 2683 830 2727 GN.
855 2683 1012 2734 Cred03
1034 2694 1074 2726 at
1092 2700 1192 2726 num
1214 2686 1314 2740 quid
1332 2687 1470 2728 aliud?
