1700 2984
218 133 301 174 224
757 142 963 179 HECYRA
1467 147 1532 193 IV,
1549 147 1572 182 4

217 225 288 266 Pi.
323 223 506 265 Mutatio
531 223 588 266 fit.
636 224 710 266 PH.
736 213 799 266 Ea
824 240 900 265 nos
925 226 1154 280 perturbat,
1180 226 1358 269 Laches.

217 286 295 327 ΡΑ.
332 285 450 326 Dum
475 287 527 326 ne
551 285 791 335 redducam,
818 287 985 328 turbent
1009 303 1131 342 porro
1158 291 1284 342 quam
1315 290 1457 331 uelint.

126 358 192 392 635
216 348 295 390 PH.
327 347 435 403 Ego,
460 347 696 402 Pamphile,
723 363 813 389 esse
838 349 946 390 inter
969 364 1059 399 nos,
1086 350 1119 390 si
1144 351 1232 392 fieri
1255 359 1405 406 potest,

330 409 610 451 Adfinitatem
635 409 742 452 hanc
767 413 866 452 sane
890 414 1135 466 perpetuam
1160 414 1256 454 uolo
1265 429 1276 462 3

328 471 404 513 Sin
428 473 490 512 est
514 480 558 512 ut
585 472 702 514 aliter
727 473 798 514 tua
822 475 900 513 ista
925 475 977 514 sit
995 474 1214 524 sententia,
1520 487 1553 513 15

327 534 523 588 Accipias
548 549 738 589 puerum.
793 534 871 575 ΡΑ.
898 533 1037 577 Se‘nsit
1063 538 1292 591 peperisse:
1324 537 1472 578 decidi.

214 597 295 638 LA.
325 596 536 637 Puerum?
577 610 703 650 quem
739 599 940 651 puerum?
993 599 1072 639 PH.
1109 599 1244 640 Natus
1282 607 1342 640 est
1378 599 1499 640 nobis

780 674 921 713 nepos.

123 731 190 766 640
327 721 436 762 Nam
461 721 642 762 abducta
669 737 692 762 a
722 721 841 762 uobis
866 723 1072 777 praegnas
1098 722 1234 765 fuerat
1258 723 1359 772 filia,

326 783 476 836 Neque
496 782 625 824 fuisse
645 793 916 838 praegnatem
934 785 1134 838 umquam
1154 793 1250 826 ante
1269 786 1379 827 hune
1398 785 1500 827 sciui

781 846 903 887 diem.

211 909 292 950 LA.
325 908 455 957 Bene,
481 910 538 948 ita
563 923 628 949 me
655 908 696 948 di
722 920 874 958 ament,
900 909 1080 959 nuntias,
1108 918 1147 951 et
1174 910 1337 965 gaudeo
1518 923 1550 948 ‘20

323 971 481 1012 Natum
527 971 643 1011 illum
691 979 732 1012 et
775 971 850 1012 tibi
892 971 1005 1012 illam
1050 972 1223 1013 saluam.
1284 973 1356 1014 sed
1399 973 1499 1026 quid

775 1033 959 1074 mulieris

323 1096 509 1137 derem
534 1095 664 1137 habes
690 1104 762 1137 aut
787 1096 939 1150 quibus
964 1104 1167 1137 moratam
1198 1097 1407 1139 mdribus?

119 1168 186 1202 645
322 1159 466 1200 Nosne
491 1158 571 1200 1160
601 1159 755 1200 celatos
781 1161 865 1199 tam
893 1159 981 1200 diu!
1013 1161 1174 1213 nequed
1202 1160 1314 1209 satis,

324 1221 465 1274 Quam
491 1221 570 1262 hoc
593 1221 695 1262 mihi
720 1221 888 1262 uidetur
913 1222 1070 1263 factum
1095 1237 1238 1276 praue,
1264 1223 1468 1278 prdloqui.

208 1285 288 1326 PH.
320 1284 416 1325 Non
448 1283 523 1324 tibi
554 1284 656 1324 illud
688 1284 844 1324 factum
882 1285 1017 1325 minus
1053 1284 1190 1339 placet
1219 1299 1345 1338 quam
1382 1285 1495 1335 mihi,
1515 1297 1549 1323 25

774 1346 954 1387 Laches.

209 1410 288 1450 ΡΑ.
326 1409 467 1450 Etiam
493 1409 526 1449 si
552 1408 712 1449 dudum
737 1408 873 1450 fuerat
899 1409 1141 1464 ambiguom
1167 1409 1246 1451 hdo
1270 1410 1384 1460 mihi,

322 1472 447 1513 Nunc
474 1471 559 1512 nen
584 1480 659 1520 est,
686 1485 811 1524 quom
839 1486 929 1512 eam
956 1472 1143 1525 sequitur
1167 1472 1326 1514 alienus
1351 1488 1466 1528 puer.

116 1549 185 1583 650
208 1534 288 1576 LA.
321 1534 448 1575 Nulla
473 1534 561 1582 tibi,
586 1533 821 1588 Pamphile,
849 1534 915 1575 hic
939 1534 1021 1575 iam
1047 1535 1347 1576 consultatiost.

207 1598 284 1638 ΡΑ.
321 1596 448 1637 Perii.
504 1596 583 1638 LA.
610 1597 738 1637 Hunc
764 1596 906 1637 uidere
932 1597 1056 1651 saepe
1082 1597 1329 1651 optabamus
1355 1598 1477 1648 diem,

321 1658 461 1710 Quom
481 1674 532 1699 ex
552 1667 591 1699 te
612 1660 719 1699 e'sset
741 1659 902 1712 aliquis,
923 1661 995 1713 qui
1015 1668 1054 1699 te
1075 1660 1301 1714 appellaret
1320 1670 1492 1715 patrem.
1513 1674 1546 1698 30

320 1721 494 1762 Euenit:
521 1721 654 1762 habeo
679 1721 857 1776 gratiam
883 1721 957 1763 dis.
1007 1721 1083 1763 ΡΑ.
1110 1722 1261 1763 Nullus
1287 1738 1391 1764 sum.

208 1784 288 1824 LA.
322 1783 518 1825 Redduce
543 1798 718 1824 uxorem
744 1798 791 1825 ac
816 1784 902 1824 ndli
928 1783 1144 1825 adum-sari
1168 1784 1280 1825 mihi.

117 1857 183 1891 655
207 1846 285 1887 ΡΑ.
322 1846 462 1895 Pater,
489 1846 522 1886 si
548 1861 599 1887 ex
624 1861 690 1887 me
714 1846 785 1887 illa
809 1846 960 1887 liberos
985 1846 1112 1887 uellet
1137 1846 1215 1887 sibi

323 1910 410 1950 Aut
437 1910 479 1949 se
505 1923 595 1950 esse
620 1923 783 1949 mecum
809 1909 996 1963 nuptam,
1022 1909 1121 1950 satis
1147 1910 1257 1951 certs')
1281 1911 1379 1959 scio,

321 1972 417 2012 Non
444 1970 551 2012 clam
576 1986 642 2013 me
668 1970 839 2013 haberet
865 1971 977 2024 qued
1003 1971 1159 2013 celasse
1184 1972 1393 2028 intellego.
1512 1986 1545 2011 35

319 2034 444 2075 Nunc
480 2047 607 2087 quom
650 2034 738 2074 eius
781 2033 961 2074 alienum
1004 2035 1029 2074 zi
1070 2049 1137 2075 me
1180 2049 1269 2076 esse
1308 2035 1492 2076 animum

773 2095 948 2136 sentiam

319 2159 426 2210 (Nec
451 2159 752 2200 cdnuenturum
777 2159 883 2199 inter
906 2172 981 2199 nos
1007 2158 1180 2213 posthac
1205 2159 1412 2213 arbitror),

116 2227 183 2261 660
322 2220 461 2272 Quam
487 2221 540 2261 ob
565 2222 653 2262 rem
678 2221 930 2262 redducam?
965 2220 1045 2262 LA.
1066 2220 1206 2262 Mater
1227 2223 1339 2275 quod
1364 2224 1491 2264 suasit

771 2298 858 2332 sua,
954 2293 957 2295 “

319 2345 582 2387 Adulescens
609 2345 756 2386 mulier
780 2345 891 2386 fe'cit.
939 2345 1229 2386 mirandumne
1254 2346 1296 2387 id
1322 2348 1407 2388 est?

319 2407 488 2450 Censen
512 2417 551 2450 te
576 2423 697 2463 posse
723 2407 900 2462 reperire
926 2408 1053 2447 ullam
1078 2408 1307 2458 mulierem,
1508 2422 1542 2448 40

320 2470 441 2522 Quae
466 2471 605 2510 careat
630 2471 777 2524 culpa?
803 2485 855 2510 an
881 2471 952 2522 qui
977 2485 1058 2510 non
1086 2470 1296 2511 delincunt
1321 2471 1423 2512 uiri?

207 2533 284 2575 ΡΗ.
317 2533 493 2573 Vosmet
516 2531 655 2573 uidete
680 2532 776 2581 izim,
803 2531 967 2573 Laches
994 2540 1032 2572 et
1058 2540 1102 2572 tu
1126 2532 1359 2587 Pamphile,

117 2600 183 2635 665
320 2595 540 2635 Remissan
566 2608 669 2648 opus
697 2595 747 2635 sit
773 2594 906 2643 uobis,
934 2594 1160 2635 redductzin
1188 2595 1376 2636 domum:

319 2657 478 2698 Neutra
503 2658 544 2697 in
569 2672 612 2697 re
638 2657 758 2698 uobis
786 2656 1009 2697 difficultas
1034 2659 1058 2697 zi
1084 2672 1148 2698 me
1175 2657 1262 2698 erit.
1507 2670 1541 2696 45
