1700 2984
281 152 365 194 210
823 158 1029 194 HEGYRA
1478 160 1547 204 111,
1563 161 1594 194 1.
1609 161 1631 195 2

280 241 388 284 Pffl.
415 240 578 283 Interii:
604 255 710 295 quor
734 240 776 282 id
802 239 902 281 mihi
926 255 1010 281 non
1036 240 1162 281 dixti?
1209 240 1312 282 PAR.
1347 239 1458 292 Quia
1481 255 1564 282 non

845 310 1032 358 poteram
1057 318 1140 344 una
1166 303 1315 344 chunia.

280 366 390 409 PAM.
418 365 534 418 Quid
553 365 687 407 mdrbi
707 365 794 406 est?
818 364 921 406 PAR.
942 365 1108 407 Nescid.
1135 365 1242 406 PAM.
1263 364 1401 417 Quid?
1414 380 1566 407 nemon

844 427 1052 468 medicum
1067 427 1263 468 adduxit?
1281 427 1385 468 PAR.
1401 428 1565 469 Nescio.

280 489 388 533 PAM.
417 488 549 532 Cesso
574 489 670 530 hinc
691 488 750 530 ire
770 489 892 539 intro,
918 500 965 531 ut
984 489 1063 530 hec
1081 504 1207 544 quam
1227 486 1422 545 primum,
1447 490 1566 544 quid-

848 551 948 605 quid
974 559 1048 600 est,
1075 553 1186 593 certd
1213 551 1365 593 sciam?

191 625 259 660 325
396 614 493 668 Quo
525 615 620 656 mim
653 614 790 663 modo,
820 612 1072 655 Philumena
1096 629 1201 662 mea,
1234 615 1345 655 nunc
1371 621 1410 655 te
1437 614 1566 655 offen-
1584 625 1618 651 45

846 676 942 717 dam
968 677 1202 718 adfectam?

395 739 506 781 Nam
544 740 577 780 si
613 739 814 794 periclum
850 739 983 781 ullum
1012 741 1055 780 in
1085 748 1125 780 te
1155 739 1278 789 inest,
1314 741 1470 794 perisse
1500 754 1567 781 me

844 817 928 843 una
952 801 1066 843 haud
1091 802 1318 842 dubiumst.
1345 826 1397 830 ——

284 865 388 908 PAR.
403 865 499 906 Non
524 866 624 906 usus
650 864 801 905 factost
824 863 925 905 mihi
950 879 1061 905 nune
1086 864 1197 905 hune
1220 864 1327 905 intrd
1354 864 1469 918 sequi
1478 880 1489 913 3

395 927 506 969 Nam
531 927 688 968 inuisos
716 926 850 967 omnis
875 927 951 967 n6s
977 941 1066 968 esse
1091 926 1171 968 illis
1197 926 1347 967 sentio:

396 990 501 1032 Heri
525 991 647 1030 ne'mo
673 989 806 1030 uoluit
833 988 1066 1030 S6stratam
1091 989 1199 1029 intro
1225 989 1455 1030 admittere.

192 1056 260 1091 330
398 1052 445 1094 Si
470 1052 577 1093 ferte
602 1052 773 1092 morbus
799 1051 978 1106 amplior
1003 1051 1138 1092 factus
1165 1051 1254 1100 siet,
1585 1062 1620 1088 50

397 1115 524 1167 Quod
549 1116 648 1155 saine
672 1114 814 1162 nolim,
840 1116 1036 1155 maixume
1064 1114 1122 1154 eri
1147 1115 1273 1154 causei
1298 1113 1397 1154 mei:

398 1177 576 1220 Seruom
599 1176 694 1218 ilico
718 1176 826 1217 intro
851 1178 948 1216 iisse
974 1176 1112 1217 dicent
1138 1175 1366 1225 Sdstratae,

396 1239 573 1294 Aliquid
598 1239 741 1280 tulisse
767 1238 1134 1279 cdmminiscentfir
1158 1239 1255 1279 mali

398 1301 538 1357 Capiti
572 1302 699 1355 etque
736 1300 861 1342 aetati
896 1301 1082 1350 illdrum,
1120 1301 1290 1342 morbus
1322 1300 1392 1354 qui
1424 1301 1568 1341 auctus

849 1363 919 1404 sit:

192 1435 260 1471 335
397 1427 484 1469 Era
502 1427 544 1468 in
564 1428 720 1468 crimen
739 1426 892 1475 ueniet,
912 1427 990 1481 e'go
1011 1440 1111 1468 uero
1130 1426 1171 1467 in
1185 1427 1386 1481 magnum
1400 1425 1567 1467 malum.
1589 1436 1621 1463 55

399 1602 690 1645 SosTRA'rA
776 1602 1044 1644 PARMENO
1132 1601 1459 1643 PAmmevs

464 1680 615 1706 MVLOER
838 1679 986 1706 smwos
1158 1678 1414 1706 ADVLESCENS

286 1740 358 1783 So.
395 1740 548 1782 Nescio
585 1738 686 1792 quid
722 1738 804 1779 iam
842 1738 1000 1779 dudum
1044 1738 1167 1779 audio
1210 1738 1277 1780 hie
1319 1737 1638 1785 tumultuarium

847 1803 1016 1842 misera:

398 1864 514 1906 Male
551 1864 691 1904 metuo
727 1878 780 1904 ne
812 1862 1088 1905 Philumenae
1124 1863 1258 1918 magis
1290 1863 1459 1904 mdrbus
1498 1862 1570 1903 ad-

849 1927 1086 1981 grauescat:

399 1989 527 2043 Quod
563 1996 617 2038 te,
655 1988 903 2044 Aesculapi,
941 1996 980 2030 et.
1018 1990 1072 2038 te,
1111 1988 1256 2038 Salus,
1293 2003 1346 2029 ne
1383 1988 1482 2041 quid
1519 1987 1571 2028 sit

851 2051 973 2092 huius
1000 2051 1084 2092 ὀνο.

399 2116 520 2157 Nune
533 2114 587 2155 eid
601 2129 692 2155 eam
706 2113 852 2154 uisam.
873 2113 1121 2162 PAR.Heus,
1138 2112 1341 2155 Sestrata.
1364 2111 1569 2153 So.Hem.

849 2175 952 2216 PAR.
988 2176 1145 2217 Iterum
1170 2176 1292 2217 istinc
1317 2175 1552 2216 excludere.

196 2244 263 2279 340
288 2241 360 2284 So.
400 2239 536 2282 Ehem
560 2238 785 2287 Parmeno,
811 2246 885 2278 tun
911 2238 977 2278 hic
1003 2239 1118 2279 eras?
1148 2238 1264 2292 perii,
1291 2237 1393 2291 quid
1420 2237 1570 2278 faciam
1606 2248 1622 2273 5

850 2296 1026 2341 misera?

399 2365 495 2406 Non
526 2365 660 2405 uisam
691 2378 863 2404 uxorem
887 2362 1111 2417 Pamphili,
1144 2377 1270 2416 quom
1301 2362 1343 2402 in
1368 2363 1570 2416 prdxumo

849 2425 916 2466 hic
941 2425 991 2466 sit
1017 2425 1167 2481 aegra?

287 2491 390 2532 PAR.
417 2490 511 2531 Non
531 2489 669 2531 uisas?
691 2504 743 2530 ne
762 2488 900 2529 mittz'ts
920 2487 1089 2541 quidem
1108 2486 1270 2528 uisendi
1289 2501 1414 2528 causa
1429 2487 1572 2539 quem-

850 2564 988 2603 quam.

400 2615 508 2656 Nam
545 2615 615 2667 qui
652 2620 762 2654 amat
800 2612 897 2665 quoi
934 2612 1028 2652 odio
1063 2613 1177 2666 ipsus
1215 2619 1295 2660 est,
1333 2610 1395 2652 bis
1432 2610 1570 2652 fa‘cere

852 2674 976 2716 stulte
1003 2674 1128 2715 duco:
