1700 2984
241 205 320 248 134
744 213 1019 251 EVNVCHVS
1483 213 1550 258 IV,
1567 213 1588 249 7

259 353 456 395 THRAso
522 352 726 394 GNA'rno
799 350 963 394 SANGA
1034 350 1264 393 Cmmuns
1338 351 1493 392 THAIS

298 424 414 451 Mans
516 423 732 450 PARAsrrvs
801 423 948 449 smwos
1023 422 1279 450 Anvmzscnus
1319 423 1519 449 mmmm

236 482 341 524 Tfflz.
355 484 549 525 Hancine
575 498 653 538 ego
673 489 719 524 ut
738 482 1030 524 contumeliam
1049 489 1135 522 tam
1154 481 1361 537 insignem
1379 481 1422 522 in
1446 496 1589 530 mewa

800 543 1015 599 accipiam,
1042 542 1237 585 Gnatho?

348 606 462 648 Mori
485 622 552 650 me
576 607 735 649 satiust.
786 605 973 656 Simalio,
992 606 1158 655 Donax,
1179 604 1359 661 Syrisce,
1384 604 1521 660 sequi-

798 684 912 709 m1n1.

348 731 538 772 Primum
559 731 672 773 ae'dis
692 730 955 787 expugnabo.
988 728 1072 771 GN.
1086 729 1229 771 Recte.
1261 729 1365 770 Tun.
1381 728 1521 784 Virgi-

798 808 893 835 nem
919 792 1104 847 eripiam.
1165 790 1246 834 GN.
1271 791 1424 832 Probe.

235 855 340 897 Tim.
354 856 471 898 Male
496 856 689 898 mulcabo
708 856 854 911 ipsam.
893 853 975 896 GN.
995 854 1189 895 Pulchre.
1233 853 1337 894 Tmz.
1358 853 1410 894 In
1433 867 1520 894 me-

798 917 913 958 dium
952 916 1035 957 huc
1076 918 1228 971 agmen
1265 929 1361 957 cum
1396 915 1520 964 uecti,

797 979 971 1028 Donax3

145 1048 211 1082 775
347 1043 428 1092 Tu,
456 1042 644 1092 Simalio,
668 1042 711 1083 in
737 1042 947 1083 sinistrum
967 1055 1159 1089 cornum3
1185 1041 1243 1089 tsi,
1271 1038 1452 1095 Syrisce,
1476 1038 1519 1081 in
1554 1049 1573 1076 5

798 1104 1028 1145 dexterum.

349 1166 467 1210 Cedo
503 1167 623 1209 alios:
666 1167 738 1208 ubi
782 1166 1006 1208 centuriost
1041 1165 1184 1220 Sanga
1215 1172 1254 1206 et
1284 1163 1521 1219 manipulus

798 1229 964 1270 furum?
1007 1227 1079 1270 SA.
1105 1219 1265 1269 Eccum
1291 1227 1421 1269 adest.

236 1292 340 1333 THR.
357 1292 472 1345 Quid
495 1292 672 1347 ignaue?
702 1291 925 1346 peniculon
955 1305 1156 1346 pugnare,
1187 1290 1258 1344 qui
1287 1291 1409 1331 istum
1439 1288 1521 1331 huc

802 1362 952 1409 portes,
979 1353 1159 1408 cogitas?

238 1416 310 1459 SA.
348 1417 496 1473 Egon?
526 1418 786 1473 imperatoris
810 1416 1006 1457 uirtutem
1029 1417 1232 1457 ‘noueram
1265 1422 1305 1457 et
1334 1414 1420 1455 uim
1444 1415 1520 1455 mi-

799 1479 938 1527 litum3

351 1542 452 1584 Sine
473 1541 674 1597 sanguine
694 1542 773 1583 hoc
786 1556 869 1582 non
889 1542 1010 1596 posse
1024 1539 1129 1582 fieri:
1152 1539 1223 1594 qui
1237 1540 1520 1594 abstergerem

801 1603 996 1644 uolnera?

146 1676 213 1712 780
237 1668 340 1708 TER.
357 1667 442 1709 Vbi
478 1666 573 1708 alii?
621 1665 693 1708 SA.
731 1665 818 1719 Qui
854 1666 1009 1706 malum
1046 1664 1178 1705 ‘alii'?
1218 1664 1330 1705 solus
1363 1664 1520 1706 Sannio
1540 1677 1573 1702 10

802 1729 939 1769 seruat
966 1727 1088 1768 domi.

237 1791 341 1832 Tm.
357 1791 424 1832 Tu
461 1791 586 1833 hosce
616 1793 792 1839 instrue3
830 1805 908 1845 ego
940 1804 1008 1831 ero
1039 1791 1131 1844 post
1168 1789 1386 1844 principia:
1423 1789 1521 1832 inde

801 1852 992 1893 omnibus
1019 1852 1183 1907 signum
1209 1851 1330 1892 dabo.

240 1916 319 1958 GN.
351 1916 457 1957 Ilh'ic
482 1924 545 1958 est
569 1931 732 1971 sapere:
769 1923 814 1956 ut
840 1915 964 1956 hosce
994 1915 1199 1963 instruxit,
1231 1915 1320 1969 ipse
1350 1914 1429 1955 sibi
1452 1929 1520 1956 ca-

800 1979 859 2018 uit
884 1977 988 2018 loco.

238 2042 342 2082 Tffiz.
357 2040 475 2082 Idem
505 2040 585 2082 hoc
615 2040 698 2081 iam
721 2040 880 2094 Pyrrus
911 2039 1128 2080 factitauit.
1189 2037 1266 2080 Cn.
1293 2038 1430 2080 Viden
1460 2046 1518 2089 tu,

802 2101 945 2150 Thais,
971 2116 1096 2154 quam
1121 2101 1187 2142 hic
1211 2116 1299 2143 rem
1325 2101 1436 2155 agit?

351 2165 406 2207 Ni
426 2167 591 2214 mirum,
611 2164 828 2206 consilium
847 2164 951 2204 illud
967 2171 1164 2204 rectumst
1186 2163 1236 2204 de
1255 2163 1520 2204 occludendis

801 2225 986 2267 aedibus.

150 2304 216 2338 785
241 2292 319 2332 ΤΗ.
353 2290 465 2333 Sane
484 2288 596 2344 quod
616 2288 690 2330 tibi
715 2303 826 2330 nunc
850 2290 914 2329 uir
938 2288 1129 2328 uideatur
1148 2288 1237 2328 osse
1262 2286 1341 2336 hic,
1368 2286 1520 2328 nebulo
1540 2300 1572 2326 15

803 2351 980 2405 magnus
1005 2357 1084 2390 est:

350 2414 416 2457 Ne
452 2415 625 2456 metuas.
685 2413 789 2454 Tmz.
822 2411 938 2465 Quid
973 2411 1161 2453 uidetur?
1213 2409 1294 2453 GN.
1326 2411 1520 2453 Fundam

802 2474 876 2515 tibi
900 2489 1011 2515 nunc
1034 2473 1157 2514 nimis
1182 2473 1334 2515 uellem
1359 2473 1461 2522 dari,

351 2541 409 2582 Vt
433 2546 478 2580 tu
502 2539 592 2580 illos
618 2537 763 2593 procul
787 2536 883 2577 hinc
907 2538 959 2577 ex
983 2536 1144 2577 occulto
1170 2535 1382 2577 caederes:
1409 2535 1519 2578 face-

800 2600 888 2640 rent
914 2599 1069 2654 fugam.

239 2666 341 2708 Tfflz.
358 2663 442 2706 Sed
461 2665 602 2705 eccam
616 2662 820 2704 Thaidem
839 2663 972 2716 ipsam
992 2661 1127 2702 uideo.
1166 2659 1244 2701 GN.
1261 2659 1401 2712 Quam
1421 2675 1518 2703 mox

800 2723 1025 2766 inruimus?
1073 2723 1176 2764 Tmz.
1202 2723 1350 2765 Mane:
