1700 2984
320 211 397 253 178
838 219 1068 255 PHORMlo
1557 220 1621 266 1v,
1638 222 1662 256 4

707 407 749 448 A
762 423 786 448 N
798 423 823 448 'r
835 422 850 448 1
860 422 886 448 P
897 421 926 449 n
937 421 963 450 o
1050 405 1094 450 G
1105 423 1128 448 E
1141 424 1167 449 'r
1178 423 1206 449 A

706 483 961 511 Anvnnscnns
1052 484 1200 512 snnvos

315 551 395 592 AN.
427 548 551 592 Geta.
590 548 668 591 Gn.
695 549 821 590 Hem.
859 550 940 589 AN.
967 547 1081 600 Quid
1108 549 1252 604 egisti?
1289 547 1370 592 Ga.
1397 539 1660 598 Emunxiw,4

875 612 1046 666 argento
1070 627 1201 654 senes.

313 676 394 716 AN.
427 674 547 717 Satin
572 675 634 715 est
663 673 730 715 id?
779 672 858 715 Gn.
895 673 1044 715 Nescio
1076 674 1231 716 hercle:
1263 681 1426 716 tantum
1453 674 1590 718 iussus

873 751 978 778 sum.

312 800 392 840 AN.
424 798 531 848 Eho,
558 799 747 848 uerbero,
774 798 886 839 aliud
910 798 1010 839 mihi
1034 798 1260 853 respondes
1285 800 1334 840 ac
1358 799 1484 854 rogo?

221 866 288 901 685
313 861 391 903 GE.
425 861 539 914 Quid
564 863 663 916 ergo
687 861 856 902 narras?
903 861 983 901 AN.
1010 860 1124 913 Quid
1149 876 1227 916 ego
1252 861 1441 902 narrem?
1465 861 1592 916 opera

872 930 944 964 tua

422 986 494 1026 Ad
518 985 661 1027 restim
686 985 786 1026 mihi
811 985 979 1039 quidem
1004 1000 1068 1026 res
1093 984 1197 1026 redit
1221 985 1488 1039 planissume.
1624 996 1642 1024 6

421 1049 478 1089 Vt
504 1049 543 1088 te
570 1048 738 1101 quidem
763 1063 907 1089 omnes
933 1048 974 1088 di
999 1048 1115 1096 deae,
1143 1048 1281 1102 superi
1305 1047 1427 1089 inferi

421 1110 548 1151 Malis
574 1110 772 1165 exemplis
797 1109 992 1165 perdant!
1021 1124 1099 1158 em,
1126 1109 1159 1150 si
1183 1109 1284 1163 quid
1308 1109 1426 1159 uelis,

422 1172 536 1213 Huic
570 1172 756 1221 mandes,
794 1172 865 1226 qui
900 1179 941 1213 te
978 1171 1031 1212 ad
1068 1171 1283 1226 scopulum
1314 1186 1336 1213 e
1367 1173 1589 1227 tranquillo

870 1234 1042 1275 auferat.

217 1308 284 1342 690
424 1295 537 1347 Quid
563 1298 699 1337 minus
724 1296 869 1337 utibile
893 1296 972 1336 fuit
995 1309 1122 1349 quam
1147 1294 1225 1336 hoc
1251 1296 1369 1337 ulcus
1396 1298 1565 1352 tangere

420 1360 512 1399 Aut
536 1358 751 1399 nominare
775 1357 972 1399 uxorem?
997 1357 1186 1398 iniectast
1212 1359 1305 1413 spes
1330 1359 1436 1413 patri
1608 1372 1640 1397 ιο

419 1421 550 1462 Posse
575 1422 689 1462 illam
715 1420 890 1461 extrudi.
940 1420 1041 1461 cedo
1067 1434 1178 1461 nunc
1201 1434 1342 1474 porro:
1374 1421 1570 1464 Phormio

418 1483 577 1525 Dotem
601 1483 635 1525 si
660 1483 848 1538 accipiet,
872 1484 977 1524 uxor
1001 1482 1232 1524 ducendast
1256 1483 1444 1525 domum:

420 1545 535 1598 Quid
570 1546 668 1588 fiet?
742 1545 821 1588 GE.
864 1546 958 1587 Non
995 1546 1103 1587 enim
1140 1546 1274 1587 ducet.
1341 1548 1421 1589 AN.
1464 1547 1587 1590 Noui.

870 1610 1053 1650 ceterum

216 1682 283 1716 695
419 1671 561 1724 Quom
586 1672 804 1727 argentum
829 1679 1029 1727 repetent,
1056 1672 1195 1712 ndstra
1219 1687 1345 1733 causa
1370 1673 1525 1715 scilicet

417 1735 468 1776 In
494 1736 667 1775 neruom
691 1734 829 1789 potius
853 1734 941 1775 ibit.
993 1733 1069 1776 GE.
1107 1734 1175 1775 Nil
1202 1742 1275 1783 est,
1300 1735 1502 1791 Antipho,
1605 1749 1639 1775 15

421 1797 536 1848 Quin
560 1797 668 1838 male
693 1797 899 1838 narrando
924 1796 1050 1851 possit
1076 1796 1360 1851 deprauarier:

419 1859 487 1900 Tu
512 1859 555 1900 id
579 1859 690 1912 quod
714 1859 853 1900 bonist
878 1858 1078 1913 excerpis,
1105 1858 1207 1899 dicis
1233 1859 1342 1913 quod
1368 1859 1517 1901 malist.

418 1921 535 1962 Audi
559 1937 669 1963 nunc
695 1929 853 1963 contra:
878 1921 960 1962 iam
987 1921 1020 1962 si
1046 1929 1263 1976 argentum
1290 1923 1507 1977 acceperit,

216 2000 282 2035 700
418 1984 664 2025 Ducendast
688 1998 806 2033 uxor,
831 1984 878 2024 ut
903 1989 976 2032 ais,
1002 1983 1182 2024 concedo
1207 1983 1299 2024 tibi:

420 2045 613 2101 Spatium
638 2046 805 2100 quidem
830 2045 998 2087 tandem
1023 2045 1253 2101 adparandi
1276 2046 1456 2102 nuptias,
1605 2060 1639 2086 20

418 2108 624 2158 vocandi,
651 2108 922 2150 sacruficandi
948 2108 1114 2149 dabitur
1138 2108 1366 2163 paululum.

418 2172 586 2213 Interea
611 2171 731 2212 amici
757 2171 867 2224 quod
890 2170 1062 2225 polliciti
1086 2171 1182 2212 sunt
1207 2171 1383 2213 dabunt:

418 2234 524 2276 Inde
558 2235 637 2276 iste
667 2233 824 2276 reddet.
873 2235 953 2274 Ax.
992 2233 1130 2285 Quam
1162 2233 1214 2274 db
1244 2235 1356 2275 rem?
1386 2241 1457 2275 aut
1487 2234 1588 2288 quid

871 2295 1002 2337 dicet?
1051 2294 1130 2337 GE.
1163 2296 1330 2351 Rogas?

216 2374 283 2408 705
420 2358 566 2410 ‘Quod
590 2359 655 2399 res
680 2358 843 2413 postilla
866 2359 1050 2399 monstra
1074 2359 1303 2399 euenerunt
1326 2358 1444 2400 mihi!

419 2421 535 2462 Intro
559 2420 606 2461 fit
629 2420 670 2461 in
697 2420 810 2461 aedis
834 2421 923 2462 ater
947 2419 1104 2461 alienus
1131 2420 1264 2468 canis3
1604 2433 1637 2459 25

419 2481 911 2537 Anguisperinpluuium
937 2481 1089 2523 decidit
1115 2482 1165 2523 de
1191 2482 1361 2536 te'gulis3

420 2544 590 2587 Gallina
614 2544 779 2594 cecinit3
804 2543 1016 2585 interdixit
1041 2544 1241 2585 hariolus:

418 2608 627 2661 Harispex
651 2606 802 2655 uetuit3
827 2608 922 2647 ante
948 2607 1137 2647 brumam
1164 2607 1301 2647 autem
1326 2607 1422 2647 noui

217 2680 282 2715 710
417 2669 567 2725 Negcsti
592 2669 773 2724 incipere
859 2668 881 2690 *
981 2669 1003 2690 ³¹⁵
1100 2670 1121 2690 *
1220 2669 1242 2690 *
1340 2669 1361 2689 *

419 2732 440 2754 *⁵
556 2732 577 2753 *
693 2731 715 2753 ¹*
832 2730 862 2772 ':
887 2731 994 2785 quae
1019 2740 1182 2772 causast
1210 2731 1457 2772 iustissuma.
1603 2743 1636 2768 30
