1700 2984
95 172 144 217 Π,
160 173 182 208 3
660 170 930 208 EVNVCHVS
1358 160 1439 203 115

274 253 323 295 In
355 253 461 295 hanc
491 254 673 294 nostram
705 253 898 308 plateam.
956 252 1034 295 ΡΑ.
1070 252 1230 294 Mirum
1259 252 1303 294 ni
1332 251 1439 293 hanc

721 315 831 364 dicit,
858 315 982 356 modo

274 377 387 418 Huic
411 377 518 431 quae
543 376 679 418 datast
703 376 825 417 dono.
876 377 951 418 CH.
979 377 1077 418 Huc
1102 390 1226 430 quom
1246 375 1437 424 aduenio,
1463 380 1529 415 345

722 439 836 480 nulla
862 447 961 480 erat.

111 513 144 538 55
161 501 238 542 PA.
273 499 457 542 Comite's
483 500 615 542 secuti
641 501 798 542 scilicet
823 510 918 542 sunt
944 501 1173 557 uirginem?

91 561 96 567 ’
162 564 240 604 Cn.
272 564 449 606 Verum:
477 564 680 618 parasitus
709 578 803 604 cum
822 564 985 605 ancilla.
1027 563 1106 604 PA.
1132 563 1289 618 Ipsast:
1313 562 1436 604 ilicet.

272 625 448 675 Desine;
474 627 554 666 iam
582 626 938 667 conclamatumst.
989 624 1067 667 Cn.
1100 626 1218 666 Alias
1242 627 1308 666 res
1333 625 1436 680 agis.

159 686 236 728 ΡΑ.
269 688 382 729 Istuc
419 703 498 744 ago
535 688 742 741 equidem.
810 688 887 729 Cn.
931 688 1081 729 Nestin
1118 702 1224 741 quae
1261 687 1336 728 sit?
1373 687 1438 727 dic

716 750 830 798 mihi,

271 812 477 853 Vidistin?
534 812 611 853 ΡΑ.
644 812 756 861 Vidi,
783 812 899 853 noui:
927 813 1011 854 scio
1037 826 1119 866 quo
1146 811 1325 852 abducta
1350 811 1413 852 sit.
1462 819 1529 853 350

108 885 141 911 60
162 872 238 915 Cn.
270 873 364 915 Eho
389 875 596 916 Parmeno
621 874 691 923 mi,
717 874 854 915 nostin
882 883 919 915 et
945 875 1025 916 scis
1050 874 1122 914 ubi
1147 874 1247 915 siet?

158 936 235 977 ΡΑ.
267 937 365 979 Huc
390 938 611 979 deductust
635 937 688 978 ad
719 937 977 978 meretricem
1002 936 1226 978 Thaidem:
1260 936 1297 978 ei
1330 935 1436 977 dono

719 999 867 1040 datast.

160 1058 239 1102 Cn.
272 1059 378 1113 Quis
409 1061 442 1102 is
475 1069 536 1102 est
566 1069 650 1101 tam
682 1063 828 1117 potens
860 1076 954 1102 cum
987 1068 1100 1101 tanto
1133 1061 1304 1102 munere
1335 1060 1438 1101 hoc?

714 1123 792 1164 PA.
823 1124 948 1164 Miles
974 1123 1149 1171 Thraso,

270 1184 502 1227 Phaedriae
528 1186 682 1227 riualis.
727 1184 805 1227 Cn.
838 1186 979 1227 Duras
1004 1186 1142 1226 fratris
1166 1185 1293 1240 partis
1318 1187 1438 1241 prac-

719 1248 843 1290 dicas.

157 1310 234 1352 PA.
260 1297 395 1352 11111110
421 1311 454 1352 si
479 1310 585 1352 scias
605 1311 717 1365 quod
742 1311 896 1352 donum
917 1310 1013 1353 huic
1038 1311 1146 1352 dono
1167 1317 1310 1352 contra
1330 1325 1436 1352 com·
1461 1319 1528 1354 355

749 1382 849 1422 aret,

107 1447 139 1473 65
270 1435 411 1490 Magis
443 1435 485 1476 id
516 1434 643 1478 dicas.
704 1388 783 1477 (1311.
823 1435 950 1488 Quod
973 1451 1070 1477 nam
1096 1450 1251 1490 quaeso
1277 1435 1437 1477 hercle?

719 1497 796 1539 ΡΑ.
828 1497 1095 1540 Eunuchum.
1151 1496 1228 1540 CH.
1258 1498 1437 1540 Illumne

720 1560 892 1602 obsecro

217 1656 225 1667 ⁹
257 1610 528 1664 inhonestum
565 1622 794 1672 hominem,
833 1625 957 1677 quem
994 1630 1200 1664 mercatus
1237 1625 1299 1665 est
1334 1623 1435 1673 heri,

275 1735 282 1746 ν
716 1701 857 1727 senem
882 1686 1122 1727 mulierem?

155 1748 233 1789 PA.
265 1748 408 1788 Istunc
442 1748 592 1802 ipsum.
661 1746 740 1789 Cn.
783 1749 923 1789 Homo
961 1749 1171 1802 quatietur
1201 1749 1310 1791 certe
1340 1763 1435 1790 cum

718 1811 827 1852 dono
853 1810 977 1852 foras.

269 1872 354 1915 Se'd
396 1873 517 1914 istam
558 1872 764 1914 Thaidem
808 1889 892 1914 11011
934 1873 1038 1914 sciui
1079 1873 1200 1915 nobis
1241 1873 1433 1916 uicinam.

715 1935 793 1976 ΡΑ.
826 1936 954 1976 Haud
980 1936 1102 1977 diust.

157 1997 234 2039 CH.
265 1997 397 2046 Perii,
434 2012 717 2052 numquamne
753 1998 878 2038 etiam
909 2014 974 2040 me
1004 1999 1116 2039 illam
1147 1998 1318 2041 uidisse!
1356 1999 1435 2041 eho
1460 2007 1526 2041 360

718 2060 815 2101 dum
842 2061 908 2101 dic
934 2060 1052 2101 mihi:

105 2136 136 2161 το
267 2111 411 2170 Estne,
437 2128 483 2162 ut
507 2121 651 2171 fertur,
676 2122 835 2163 forma?
886 2122 965 2164 ΡΑ.
999 2122 1122 2164 Sane.
1182 2121 1272 2185 CH'.
1294 2124 1353 2164 At
1377 2124 1435 2165 nil

715 2185 766 2225 ad
784 2192 968 2226 nostram
987 2185 1118 2226 hanc?
1147 2185 1224 2226 ΡΑ.
1244 2185 1343 2227 Alia
1356 2202 1433 2228 res.

157 2245 233 2288 CH.
266 2232 455 2288 Obsecro
480 2246 631 2296 hercle,
657 2246 881 2297 Parmeno,
908 2248 975 2289 fac
993 2255 1038 2289 ut
1056 2249 1203 2304 potiar.
1246 2248 1324 2290 ΡΑ.
1351 2249 1434 2290 Fa-

718 2311 822 2351 ciam
849 2311 1012 2360 sedu103

266 2371 391 2412 Dabo
411 2386 592 2426 operam,
615 2373 842 2414 adiuuabo:
863 2389 962 2414 num
983 2373 1082 2427 quid
1100 2389 1166 2415 me
1185 2374 1322 2415 aliud?
1355 2373 1432 2416 Cn.

290 2482 297 2493 .
717 2435 812 2487 Quo
837 2451 949 2477 nunc
972 2436 1032 2477 is?
1089 2436 1166 2477 PA.
1198 2436 1399 2486 Domum,

268 2495 325 2537 Vt
352 2496 573 2551 mancupia
598 2496 713 2547 haec,
739 2499 797 2539 ita
822 2500 883 2539 uti
906 2498 1025 2539 iussit
1045 2499 1183 2548 frater,
1210 2500 1360 2542 ducam
1380 2501 1433 2542 ad

288 2606 295 2618 l
715 2560 931 2601 Thaidem.

158 2619 235 2662 CH.
269 2620 309 2661 O
341 2621 596 2663 fortunatum
632 2623 756 2663 istum
789 2623 1045 2672 eunuchum,
1082 2625 1153 2677 qui
1188 2625 1353 2679 quidem
1391 2627 1432 2668 in
1457 2639 1524 2674 365

715 2685 821 2726 hanc
847 2686 966 2726 deti'u·
991 2686 1178 2727 domum!

1153 2750 1199 2781 ΒΨ
