1726 2984
175 170 224 212 11,
243 171 332 205 3--5
786 164 983 202 ANDRIA
1463 150 1517 192 25

191 263 226 288 ‘20
354 251 471 291 Patri
505 249 571 289 dic
607 248 728 296 uelle,
763 254 822 295 ut,
859 246 983 300 quom
1010 245 1124 294 uelit,
1167 244 1241 285 tibi
1276 244 1364 285 ἰήϊε
1399 242 1520 284 irasci

801 309 884 349 m'm
910 315 1047 362 queat.

354 373 463 414 Nam
494 372 606 426 quod
642 379 686 413 tu
717 385 856 426 speres
892 369 1163 425 ‘propulsabo
1194 368 1314 409 facile
1349 382 1521 408 uxorem
1545 375 1611 409 395

803 433 866 473 his
891 431 1076 473 moribus
1085 447 1095 480 ς

354 496 486 537 Dabit
521 495 681 537 nemo’:
723 494 908 536 inueniet
941 495 1108 548 inopem
1139 492 1289 547 potius,
1325 493 1451 545 quam
1482 497 1521 532 te

804 557 1013 611 corrumpi
1037 555 1156 596 sinat.

356 620 441 663 Sed
466 622 500 661 si
524 628 564 662 te
583 634 715 674 aequo
736 619 873 660 animo
894 619 1001 659 ferre
1021 618 1210 672 accipiet,
1236 616 1522 670 neclegentem

801 681 967 729 feceris3

355 746 497 787 Aliam
533 744 689 786 otiosus
719 745 908 798 quaeret:
951 743 1108 783 interea
1137 741 1295 795 aliquid
1332 740 1525 781 acciderit

806 805 917 846 boni.

193 882 226 908 25
244 870 320 911 PA.
354 870 445 910 Itan
472 869 630 910 credis?
662 868 744 909 DA.
777 867 906 908 Haud
930 867 1104 908 dubium
1128 866 1171 906 id
1195 865 1415 918 quidemst.
1447 864 1524 905 ΡΑ.

800 930 909 972 Vide
952 929 1034 983 quo
1083 943 1149 969 me
1196 927 1382 968 inducas.
1443 926 1524 966 DA.

806 992 921 1045 Quin
946 992 1083 1033 taces?

245 1057 321 1098 PA.
354 1056 517 1096 Dicam.
566 1070 741 1110 puerum
779 1063 919 1096 autem
954 1056 1005 1095 ne
1036 1053 1231 1094 resciscat
1261 1052 1317 1093 mi
1348 1053 1438 1093 esse
1475 1066 1526 1092 ex
1551 1060 1618 1094 400

807 1117 891 1165 illa,
918 1116 1112 1165 cautiost3

358 1181 466 1221 Nam
491 1179 697 1235 pollicitus
718 1195 810 1220 sum
830 1180 1132 1234 suscepturum.
1180 1177 1264 1218 DA.
1303 1175 1343 1217 O
1366 1175 1528 1216 facinus

807 1241 962 1283 audax!
1012 1242 1088 1281 PA.
1128 1241 1252 1280 Hanc
1277 1239 1402 1279 fidem

360 1304 450 1347 Sibi
475 1319 540 1345 me
566 1304 812 1353 6bsecrauit‚
838 1306 911 1357 qui
936 1318 979 1344 se
1005 1303 1125 1343 sciret
1151 1302 1234 1343 non
1254 1302 1528 1349 deserturum,

810 1366 854 1407 1'1t
878 1366 1034 1406 darem.

248 1430 332 1472 DA.
366 1428 606 1471 curabitur.
646 1429 719 1470 sed
744 1430 862 1483 pater
887 1428 1016 1469 adest.
1053 1442 1156 1469 caue
1186 1434 1227 1468 te
1251 1427 1342 1467 esse
1373 1426 1530 1467 tristem

809 1490 970 1532 sentiat.

505 1616 642 1659 Smo
703 1616 897 1658 DAvos
955 1615 1281 1656 PAMPvas

507 1688 632 1715 senex
718 1687 868 1714 snkvos
982 1685 1238 1713 Anvmsenns

184 1754 238 1785 11‚4
253 1741 313 1784 S1.
361 1741 516 1782 Reuiso
542 1741 641 1795 quid
669 1748 795 1796 agant
819 1741 890 1782 aut
914 1738 1015 1794 quid
1041 1747 1207 1794 captent
1233 1738 1390 1779 consili.

253 1805 335 1845 DA.
363 1804 445 1844 Hic
468 1804 578 1844 minc
602 1818 685 1844 non
710 1803 885 1852 dubitat,
917 1804 1018 1856 quin
1048 1809 1088 1843 te
1114 1802 1335 1842 ducturum
1365 1815 1505 1856 neges.
1558 1805 1626 1839 405

366 1867 492 1908 Venit
516 1866 740 1907 meditatus
765 1865 956 1907 alicunde
982 1880 1033 1906 ex
1059 1864 1145 1905 solo
1170 1865 1280 1906 loco:

366 1928 611 1969 Orationem
637 1929 775 1983 sperat
799 1928 1007 1969 inuenisse
1034 1942 1090 1975 se,

220 2005 237 2031 5
367 1990 452 2043 Qui
478 1990 641 2032 differat
666 1998 722 2032 te:
754 1992 873 2045 proin
898 1998 944 2031 tu
969 1990 1035 2031 fac
1061 1989 1173 2045 apud
1197 1996 1238 2030 te
1262 1990 1307 2029 sit
1332 1988 1425 2029 sies.

254 2054 332 2095 PA.
363 2053 494 2094 Modo
521 2061 565 2094 ut
590 2052 760 2108 possim,
793 2052 931 2094 Daue.
979 2052 1064 2093 DA.
1103 2050 1239 2092 Crede
1265 2052 1435 2105 inquam
1460 2049 1538 2091 hoc

815 2115 929 2164 mihi,
954 2114 1187 2169 Pamphile,

365 2178 606 2231 Numquam
632 2177 754 2219 hadie
779 2186 918 2218 tecum
943 2177 1295 2218 cemmutaturt'un
1320 2184 1480 2230 patrem
1560 2179 1629 2214 410

369 2241 511 2283 Vnum
536 2242 625 2282 e'sse
651 2241 841 2289 uerbum,
869 2241 902 2281 si
926 2248 966 2281 te
992 2239 1104 2280 dices
1132 2240 1296 2280 ducere.

377 2365 593 2406 BYRRIA
652 2368 788 2406 SrMo
850 2364 1043 2406 DAvos
1099 2364 1426 2405 PAMPHILVS

414 2435 562 2464 snRvos
659 2437 784 2464 SENEX
870 2435 1018 2463 smwos
1126 2434 1381 2462 ADVLESCENS

192 2504 247 2535 11,5
261 2491 336 2531 ΒΥ.
375 2490 483 2530 Erus
508 2491 573 2531 me
598 2490 750 2531 relictis
775 2490 899 2531 rebus
924 2488 1043 2530 iussit
1068 2488 1336 2543 Pamphilum

373 2552 510 2593 Hodie
536 2552 771 2599 obseruare,
798 2560 843 2592 ut
868 2552 968 2604 quid
994 2559 1135 2606 ageret
1161 2551 1211 2592 de
1235 2551 1404 2605 nuptiis,

373 2614 551 2656 Scirem:
589 2615 631 2655 id
667 2622 886 2669 propterea
915 2615 1026 2654 minc
1063 2614 1172 2654 hunc
1209 2614 1444 2654 uenientem
1476 2628 1540 2654 se-

821 2691 937 2730 quor.
