1700 2984
105 176 175 223 111,
191 177 214 213 5

675 173 946 211 EVNVCHVS
1372 164 1450 207 123

508 318 773 361 CHAEREA
855 319 1109 360 Amano

483 389 789 417 ADVLESCENTES
959 390 988 415 11

103 444 260 488 111‚5C}1.
286 445 326 486 N
330 445 399 486 um
422 444 515 498 quis
541 443 607 485 hio
632 443 718 485 est?
742 443 917 484 nemost.
954 458 1055 484 num
1074 441 1166 495 quis
1188 441 1283 484 hine
1303 457 1366 484 me
1388 458 1451 484 se-

116 1517 147 1542 10

115 2141 146 2166 15

167 1379 247 1420 AN.

165 2006 245 2047 AN.

166 2251 243 2294 CH.

732 505 896 559 quitur?
927 507 1049 546 nemo
1074 504 1250 546 homost.

282 569 426 610 Iamne
452 582 667 622 erumpere
692 567 771 608 hoe
796 567 891 608 licet
916 566 971 607 mi
997 566 1222 622 gaudium?
1251 581 1326 622 pro
1352 567 1450 622 Iup·
1475 573 1542 607 550

731 630 849 684 piter‚

280 692 404 734 Nune
429 694 490 733 est
515 691 715 747 profecto,
740 691 915 732 interfici
935 704 1062 745 quom
1086 690 1246 746 perpeti
1266 705 1331 731 me
1357 690 1451 745 pes-

729 769 834 802 sum,

280 817 345 859 Ne
393 816 471 858 hoc
519 816 720 872 gaudium
766 816 1016 857 contaminet
1057 815 1145 856 uita
1191 814 1451 870 aegritudine

347 932 349 934 q
729 877 884 932 aliqua.

282 942 368 984 Sed
392 941 655 982 neminemne
688 940 898 981 curiosum
922 939 1173 981 interuenire
1201 940 1312 980 nuno
1336 939 1451 988 mihi,

280 1003 366 1056 Qui
407 1005 473 1044 me
516 1010 714 1056 sequatur
750 1003 918 1056 quoquo
961 1017 1072 1050 eam,
1117 1002 1336 1056 rogitando
1378 1002 1452 1043 ob-

729 1064 890 1113 tundat,
917 1064 1064 1112 enicet,

280 1128 394 1180 Quid
424 1128 601 1183 gestiam
632 1134 703 1168 aut
736 1127 835 1180 quid
866 1127 998 1167 laetus
1030 1126 1120 1174 sim,
1151 1140 1233 1179 quo
1264 1128 1450 1180 pergam,
1475 1133 1543 1168 555

730 1189 842 1230 unde
867 1204 1092 1244 emergam,
1118 1188 1192 1229 ubi
1218 1188 1319 1230 siem

278 1253 489 1296 Vestitum
514 1252 625 1294 huno
650 1259 840 1302 nanctus,
870 1252 970 1305 quid
998 1251 1052 1291 mi
1084 1266 1294 1305 quaeram,
1326 1253 1450 1293 sanus

729 1314 806 1355 sim
832 1329 938 1355 anne
963 1313 1185 1354 insaniam!

283 1377 421 1418 Adibo
459 1385 583 1431 atque
620 1377 672 1417 ab
710 1391 758 1418 eo
795 1376 971 1431 gratiam
1007 1376 1128 1425 hano,
1165 1390 1290 1429 quam
1328 1376 1449 1417 uideo

727 1440 849 1487 uelle,
874 1440 999 1480 inibo.

279 1503 482 1553 Chaerea,
514 1503 615 1558 quid
641 1511 703 1544 est
727 1503 842 1556 quod
872 1503 930 1544 sic
959 1503 1113 1558 gestis?
1149 1503 1248 1556 quid
1279 1502 1358 1544 sibi
1382 1503 1450 1545 hic

728 1567 903 1607 uestitus
929 1565 1115 1619 quaerit?

280 1628 394 1681 Quid
431 1636 492 1671 est
522 1629 634 1683 quod
670 1628 803 1670 laetus
840 1628 909 1668 es?
946 1628 1046 1681 quid
1082 1628 1157 1668 tibi
1193 1628 1280 1669 uis?
1318 1628 1449 1670 satine

727 1690 891 1732 sanu’s?
921 1691 1021 1744 quid
1046 1706 1112 1732 me
1137 1691 1379 1746 adspectas⁹

278 1754 391 1807 Quid
408 1755 545 1796 taces?
580 1753 659 1796 Cn.
679 1756 700 1806 †
720 1751 760 1795 O
781 1753 911 1794 festus
932 1754 1017 1795 dies
1039 1752 1276 1810 [hominis]!
1303 1755 1446 1804 amice,
1472 1760 1540 1796 560

727 1815 860 1857 salue!
889 1816 1091 1857 hominum
1116 1818 1290 1857 o'mm'mn

276 1879 316 1920 N
320 1880 463 1929 emost,
479 1894 603 1933 quem
623 1894 700 1934 ego
720 1878 915 1919 nunciam
937 1879 1070 1934 magis
1090 1881 1284 1934 cuperem
1305 1880 1447 1922 uidere

726 1943 852 1995 quam
878 1949 929 1983 te.

277 2005 412 2045 Narra
442 2005 549 2045 istuc
581 2018 736 2058 quaeso
767 2003 868 2057 quid
901 2004 964 2044 sit.
1026 2002 1103 2044 Cn.
1130 2004 1265 2045 Immo
1297 2020 1375 2060 ego
1407 2014 1446 2047 te

725 2066 896 2107 ebsecro
923 2066 1061 2107 hercle
1087 2074 1130 2107 ut
1157 2068 1314 2109 audias.

276 2128 425 2170 Nostin
446 2129 566 2179 hano,
584 2144 709 2183 quam
731 2136 841 2170 amat
861 2129 1012 2169 frater?
1037 2130 1118 2170 AN.
1133 2129 1173 2169 N
1176 2130 1263 2171 oui:
1283 2132 1446 2186 nempe,

728 2191 887 2246 opinor,
913 2191 1130 2233 Thaidem.

277 2254 404 2294 Istam
425 2255 570 2309 ipsam.
606 2255 685 2296 AN.
708 2254 780 2296 Sic
800 2254 1177 2295 commemineram.
1211 2253 1288 2296 Cn.
1306 2254 1447 2307 Quae—

727 2317 822 2357 dam
849 2315 972 2357 hodie
998 2324 1059 2357 est
1084 2317 1121 2358 ei
1147 2317 1253 2357 done
1278 2319 1375 2359 data

278 2378 429 2434 Virge:
455 2379 555 2432 quid
582 2395 659 2435 ego
686 2380 774 2421 eius
800 2380 874 2420 tibi
899 2395 1009 2420 nuno
1034 2379 1183 2441 faciem
1209 2382 1446 2435 praedicem
1471 2388 1538 2422 565

726 2450 797 2483 aut
822 2443 1000 2492 laudem,
1028 2443 1229 2497 Antipho,

278 2502 418 2555 Quom
454 2504 566 2559 ipsus
602 2520 669 2546 me
706 2504 816 2546 noris
853 2519 977 2559 quam
1015 2505 1182 2560 elegans
1220 2506 1444 2548 formarum

725 2568 930 2622 spectator
955 2568 1082 2608 siem?

279 2629 328 2670 In
353 2628 430 2670 hae
456 2637 686 2671 commotus
713 2646 816 2672 sum.
856 2632 935 2671 AN.
953 2632 1037 2671 Ain
1064 2631 1132 2671 tu?
1169 2630 1446 2676 C11.Pr1mam

727 2693 851 2742 dices,
878 2693 977 2744 scio,
1003 2693 1036 2734 si
1062 2694 1227 2737 uideris.
