1700 2984
207 131 285 174 198
746 140 952 178 HECYRA
1397 145 1493 181 Prol.
1512 145 1551 181 H

204 221 331 274 Quod
355 222 388 262 si
413 221 660 276 scripturam
684 223 936 278 spreuissem
960 224 1002 265 in
1027 225 1261 279 praesentia

133 299 178 335 25
201 288 259 330 Et
283 289 326 330 in
351 289 595 331 deterrendo
620 291 846 332 noluissem
871 306 1041 346 operam
1066 293 1243 343 sumere,

204 358 263 400 Vt
286 357 329 398 in
352 357 437 399 otio
462 365 570 399 esset
593 358 730 412 potius
756 373 882 412 quam
906 359 948 400 in
972 360 1159 415 negotio:

202 424 512 467 Deterruissem
536 425 672 475 facile,
697 441 749 467 ne
774 427 876 468 alias
901 428 1111 469 scriberet.

200 492 325 534 Nunc
348 493 449 547 quid
473 500 625 548 petam,
652 508 744 535 mea
769 495 896 535 causa
919 509 1052 549 aequo
1079 496 1215 537 animo
1241 495 1452 538 attendite.
1500 509 1534 533 20

200 561 414 615 Hecyram
438 560 492 601 ad
516 575 592 601 uos
617 561 766 611 refero,
791 563 919 616 quam
943 562 1043 603 mihi
1067 579 1141 618 per
1165 563 1374 605 silentium

132 639 177 674 30
200 627 444 683 Numquam
462 630 589 683 agere
607 628 824 670 licitumst:
843 631 902 671 ita
920 645 1011 671 eam
1031 631 1234 686 oppressit
1255 631 1479 673 calamitas.

199 696 308 737 Eam
333 696 610 738 calamitatem
633 698 776 738 uostra
799 697 1082 754 intellegentia

201 763 388 813 sedabit,
414 764 448 805 si
473 764 549 806 erit
573 764 752 806 adiutrix
775 772 942 808 nostrae
966 766 1204 807 industriae.

199 831 342 884 Quom
365 834 546 888 primum
572 848 664 874 eam
689 848 814 888 agere
839 834 971 889 coepi,
996 834 1187 889 pugilum
1213 834 1354 889 gloria,
1498 846 1531 871 25

199 898 476 956 [Funambuli
501 901 647 942 eodem
672 901 847 943 accessit
872 900 1124 957 expectatio]

129 979 174 1014 35
199 967 411 1010 Comitum
437 976 684 1019 conuentus,
710 969 919 1025 strepitus,
946 970 1102 1011 clamor
1126 970 1344 1012 mulierum

196 1037 354 1078 Fecere
378 1044 425 1078 ut
448 1044 544 1079 ante
568 1038 733 1093 tempus
758 1037 914 1079 exirem
938 1038 1063 1079 foras.

197 1104 352 1146 Vetere
375 1106 419 1146 in
443 1120 557 1146 noua
581 1106 699 1160 coepi
723 1105 784 1147 uti
808 1105 1123 1154 consuetudine,

196 1172 248 1213 In
272 1173 529 1227 experiundo
554 1180 600 1214 ut
623 1174 777 1215 essem:
803 1173 938 1216 refero
964 1174 1111 1214 denuo.
1495 1187 1530 1214 30

195 1240 338 1281 Primo
362 1242 459 1282 actu
483 1241 641 1296 placeo,
689 1255 817 1295 quom
841 1242 999 1283 interea
1022 1243 1163 1282 rumor
1187 1241 1302 1283 uenit

128 1318 173 1354 40
196 1308 356 1350 Datum
381 1309 431 1350 iri
455 1309 719 1365 gladiatores,
744 1310 923 1365 populus
949 1310 1152 1359 conuolat‚

196 1377 524 1419 Tumultuantur
548 1378 729 1419 clamant
752 1385 942 1433 pugnant
966 1378 1017 1419 de
1041 1378 1151 1419 loco:

196 1445 292 1500 Ego
316 1445 474 1488 interea
497 1462 638 1488 meum
662 1462 745 1488 non
770 1446 885 1501 potui
909 1448 1033 1487 tutari
1055 1446 1206 1487 locum.

195 1513 321 1555 Nunc
345 1515 467 1555 turba
490 1529 574 1556 non
599 1521 678 1556 est:
706 1515 836 1556 otium
861 1521 903 1556 et
927 1514 1193 1556 silentiumst:
1493 1527 1528 1554 35

194 1583 365 1638 Agendi
391 1590 556 1639 tempus
581 1583 681 1624 mihi
707 1584 909 1632 datumst3
934 1583 1054 1624 uobis
1079 1582 1200 1624 datur

125 1658 171 1695 45
193 1650 387 1693 Potestas
412 1652 717 1694 condecorandi
740 1652 860 1693 ludos
886 1651 1111 1693 scaenicos.

194 1718 335 1761 Nolite
361 1719 495 1762 sinere
520 1722 594 1775 per
618 1735 693 1762 uos
719 1727 851 1761 artem
873 1720 1077 1761 musicam

194 1787 397 1829 Recidere
421 1788 475 1829 ad
499 1802 674 1842 paucos:
700 1788 823 1829 facite
848 1794 894 1829 ut
918 1794 1059 1829 uostra
1083 1787 1305 1829 auctoritas

191 1856 318 1897 Meae
344 1856 579 1897 auctoritati
604 1857 759 1898 fautrix
784 1856 1048 1910 adiutrixque
1072 1856 1136 1897 sit.
1492 1868 1525 1894 40

195 1922 263 1978 [Si
286 1939 516 1978 numquam
541 1939 667 1966 auare
691 1924 871 1980 pretium
895 1924 1021 1965 statui
1051 1924 1129 1966 arti
1151 1939 1270 1966 meae

124 2000 169 2035 50
192 1991 249 2033 Et
273 2007 369 2034 eum
394 2007 484 2034 esse
508 2000 729 2047 quaestum
753 1992 796 2034 in
821 1992 1006 2034 animum
1029 1992 1175 2034 induxi
1199 2008 1455 2043 maxumum,

193 2060 334 2112 Quam
359 2076 553 2103 maxume
579 2060 734 2103 seruire
758 2060 909 2102 uostris
935 2059 1199 2116 commodis:]

194 2127 327 2170 Sinite
351 2130 574 2183 impetrare
598 2130 678 2178 me,
703 2129 775 2182 qui
798 2128 841 2170 in
865 2128 1054 2170 tutellam
1077 2144 1213 2171 meam

193 2196 390 2238 Studium
415 2212 534 2238 suom
559 2204 600 2238 et
623 2212 667 2238 se
692 2197 735 2238 in
759 2198 944 2238 nostram
968 2197 1174 2238 commisit
1196 2197 1336 2247 fidem,
1489 2211 1523 2236 45

191 2264 256 2306 Ne
281 2280 376 2306 eum
403 2265 734 2307 circumuentum
758 2265 900 2319 inique
923 2264 1053 2319 iniqui
1077 2265 1295 2307 inrideant.

123 2341 167 2375 55
190 2333 293 2374 Mea
317 2333 444 2374 caiisa
468 2347 639 2374 causam
664 2333 839 2388 accipite
864 2340 904 2374 et
930 2333 1025 2374 date
1051 2333 1273 2383 silentium,

190 2401 249 2442 Vt
274 2400 416 2441 lubeat
441 2400 620 2442 scribere
646 2401 736 2442 aliis
760 2400 944 2454 mihique
969 2408 1014 2441 ut
1038 2400 1196 2443 discere

189 2468 330 2509 Nouas
358 2468 550 2523 expediat
576 2468 749 2523 posthac
773 2468 905 2523 pretio
931 2470 1090 2523 emptas
1113 2483 1220 2511 meo,
