1700 2984
224 149 279 192 64
539 159 784 196 ΗΕΑνΤΟΝ
809 159 1174 196 TIMORVMENOS
1478 160 1527 204 11,
1545 160 1566 194 3

223 240 293 282 SY.
327 241 475 283 Mane:
501 241 581 283 hee
599 241 713 296 quod
731 241 847 296 coepi
866 243 1045 296 primum
1064 256 1265 291 enarrem,
1288 239 1493 295 Clitipho:

331 302 435 345 Post
458 306 564 345 istuc
589 304 767 345 ueniam.
812 301 927 344 Cm'r.
956 302 1155 358 Prepera.
1197 303 1267 345 Sy.
1300 304 1389 344 Iam
1415 303 1498 358 pri-

778 380 894 406 mum
919 366 1117 415 emnium,

130 437 197 471 275
332 427 419 470 Vbi
443 429 613 469 uentum
639 427 692 468 ad
717 427 828 469 aedis
853 428 928 477 est,
952 427 1113 469 Dromo
1138 429 1272 483 pultat
1295 428 1424 477 fores;

332 491 454 531 Anus
489 490 694 543 quaedam
729 489 884 544 prodit3
921 489 1024 531 haec
1059 490 1131 531 ubi
1167 490 1298 545 aperit
1332 490 1496 538 estium,
1516 499 1549 525 35

333 550 542 593 Continuo
568 552 633 593 hic
659 567 702 592 se
727 552 902 593 coniecit
926 551 1047 600 intro,
1074 567 1151 607 ego
1177 554 1426 605 censequor3
1454 580 1456 582 -

331 615 453 655 Anus
478 614 636 655 feribus
663 613 779 654 obdit
802 614 1029 668 pessulum,
1055 615 1108 654 ad
1132 615 1268 655 lanam
1294 614 1411 655 redit.

330 677 414 717 Hic
438 677 532 717 sciri
556 676 689 730 potuit
713 677 782 716 aut
808 690 1013 729 nusquam
1040 676 1150 725 alibi,
1177 675 1328 724 Clinia,

127 747 195 782 280
330 737 426 790 Quo
451 738 587 779 studio
612 738 742 778 uitam
767 740 885 778 suam
910 746 950 780 te
975 738 1145 779 absente
1172 738 1366 793 exegerit,

329 800 416 842 Vbi
440 801 492 841 de
515 800 768 854 inprouisost
791 801 1069 841 interuentum
1097 800 1272 841 mulieri.
1514 809 1549 836 40

328 862 438 903 Nam
463 878 512 904 ea
536 864 602 903 res
626 862 740 903 dedit
765 869 855 902 tum
881 862 1156 903 existumandi
1183 862 1346 916 cepiam

331 924 593 966 Cottidianae
618 926 729 965 uitae
754 924 1112 973 consuetudinem,

329 987 452 1040 Quae
466 988 698 1041 quoiusque
719 986 932 1041 ingenium
953 994 997 1026 ut
1017 988 1068 1027 sit
1088 986 1270 1027 declarat
1289 988 1495 1026 maxume.

125 1058 191 1092 285
327 1050 560 1091 Texentem
585 1049 710 1090 telam
737 1048 919 1090 studiose
943 1049 1078 1103 ipsam
1103 1048 1367 1098 offendimus,

327 1112 595 1153 Mediocriter
620 1113 812 1152 uestitam
837 1119 954 1152 ueste
980 1111 1147 1166 lugubri
1514 1120 1548 1147 45

327 1174 452 1225 (Eius
476 1175 595 1215 anuis
621 1188 746 1215 causa
771 1175 918 1228 opinor
941 1187 1048 1227 quae
1073 1181 1158 1215 erat
1184 1175 1377 1226 mertua),

328 1236 430 1280 Sine
466 1238 585 1286 aur03
622 1244 711 1277 tum
748 1244 935 1277 ornatam
972 1238 1029 1277 ita
1066 1236 1125 1277 uti
1156 1250 1262 1289 quae
1300 1235 1496 1277 ornantur

778 1298 870 1347 sibi,

326 1362 454 1404 Nulla
478 1362 588 1403 mala
611 1377 655 1403 re
680 1376 722 1403 os
748 1360 974 1415 expolitam
999 1360 1210 1410 muliebri3

123 1434 191 1468 290
329 1424 517 1479 Capillus
541 1439 687 1479 pexus,
713 1424 868 1478 prolixe
893 1420 1046 1464 circt'im
1073 1431 1198 1478 caput

326 1488 537 1536 Reiectus,
568 1487 849 1541 neclegenter,
881 1501 976 1540 pax,
1026 1484 1142 1527 ΟΜΝ.
1183 1484 1289 1540 Syre
1321 1484 1390 1534 mi,
1423 1484 1496 1525 ‹5b-
1515 1496 1547 1521 5ο

778 1562 906 1597 secro,

325 1612 391 1653 Ne
415 1627 482 1653 me
506 1613 548 1652 in
572 1611 771 1652 laetitiam
795 1610 950 1651 frustra
974 1609 1166 1651 conicias.
1229 1608 1300 1651 SY.
1332 1610 1453 1650 Anus

327 1674 555 1716 Subtemen
582 1673 720 1715 nebat.
747 1674 961 1727 praeterea
985 1687 1069 1713 una
1093 1672 1288 1714 ancillula

328 1737 450 1786 Erat3
476 1738 525 1777 ea
550 1736 718 1777 texebat
742 1736 839 1784 una,
865 1734 1013 1789 pannis
1039 1734 1185 1783 obsita,

123 1810 189 1844 295
326 1800 537 1849 Neclecta,
573 1797 774 1839 inmunda
803 1797 972 1838 inluuie.
1022 1795 1136 1838 Cm.
1175 1795 1222 1839 Si
1253 1796 1355 1838 haec
1387 1804 1494 1845 sunt,

779 1859 928 1909 Clinia,

327 1926 452 1974 Vera,
477 1925 535 1965 ita
559 1924 619 1964 uti
644 1923 780 1972 eredo,
807 1924 899 1976 quis
924 1931 964 1963 te
990 1930 1051 1964 est
1075 1922 1348 1963 fortunatior?
1512 1933 1546 1958 55

329 1988 441 2035 Scin,
466 1987 574 2028 hanc
598 2000 723 2040 quam
749 1985 848 2027 dicit
873 1984 1125 2026 sordidatam
1151 1993 1189 2025 et
1216 1984 1435 2033 Ιιόννίᾶεηη,

326 2051 534 2105 Magnum
569 2049 648 2090 hec
684 2062 850 2103 quoque
888 2048 1112 2102 signumst‚
1151 2046 1362 2088 deminam
1405 2061 1494 2088 csse

775 2118 891 2152 extra
914 2110 1097 2158 ncixiam,

328 2176 468 2228 Quom
493 2174 581 2216 eius
605 2182 690 2215 tam
714 2173 987 2228 neclegl'mtur
1010 2172 1265 2213 internuntii.

122 2248 190 2282 300
325 2238 435 2279 Nam
461 2237 717 2292 disciplinast
742 2238 800 2277 eis
826 2235 1133 2276 deliiune1·arier

325 2301 512 2342 Ancillas
537 2300 729 2355 primum,
755 2298 808 2339 ad
827 2297 1014 2339 dominas
1034 2297 1104 2351 qui
1130 2297 1339 2338 adfectent
1364 2296 1487 2337 uiam.
1510 2309 1542 2333 uo

215 2364 330 2405 ΟΜΝ.
355 2363 506 2418 Perge,
532 2362 703 2403 ebsecro
728 2368 781 2409 te,
807 2368 847 2402 et
872 2362 973 2401 caue
997 2375 1048 2400 ne
1074 2360 1221 2400 falsam
1246 2359 1421 2414 gratiam

326 2425 505 2467 Studeas
530 2424 645 2465 inire.
677 2423 776 2477 quid
802 2428 871 2471 ait,
897 2422 970 2462 ubi
994 2437 1059 2463 nie
1085 2422 1299 2463 neminas?

215 2488 284 2530 ΞΥ.
323 2488 407 2528 Vbi
433 2488 606 2528 dicimus
632 2487 785 2527 redisse
810 2493 850 2526 te
876 2492 915 2526 et
939 2487 1086 2538 rogare
1111 2484 1171 2525 uti

122 2561 188 2594 305
324 2551 497 2592 Veniret
522 2549 575 2590 ad
598 2557 652 2599 te,
676 2548 825 2589 mulier
849 2547 971 2588 telam
999 2546 1147 2587 desinit

327 2611 537 2653 Continuo
563 2619 603 2653 et
626 2609 819 2652 lacrumis
847 2609 985 2663 epplet
1011 2623 1056 2649 os
1081 2610 1213 2650 totl'im
1239 2608 1330 2657 sibi,
1508 2618 1540 2644 ⁶5

325 2676 382 2718 Vt
408 2675 527 2716 facile
553 2674 677 2715 scires
703 2672 906 2713 desiderio
931 2671 972 2712 id
998 2672 1100 2712 fieri.
