1700 2984
98 187 165 232 1,2

115 343 147 367 10

110 1587 143 1612 25

161 1700 244 1741 DA.

110 1962 142 1986 30
163 1948 242 1991 Gn.

109 2274 141 2299 35

107 2587 140 2611 40

687 186 917 221 PHORMIO
1365 176 1443 219 153

276 267 408 309 Modo
433 267 480 307 ut
504 274 641 307 tacere
665 267 812 321 pessis.
872 267 955 308 DA.
982 267 1069 308 Abi
1093 267 1161 316 sis,
1184 268 1382 310 insciens:

280 329 443 381 Quoius
469 329 514 369 tu
537 329 663 370 fidem
687 329 729 370 in
755 329 932 384 pecunia
956 329 1230 384 perspexeris,
1469 333 1513 368 60

276 392 433 433 Verere
457 390 587 432 uerba
613 391 650 431 ei
674 392 866 433 credere?
902 392 974 432 ubi
998 392 1098 446 quid
1124 391 1224 431 mihi
1247 392 1389 434 lucrist

277 453 338 495 Te
363 452 532 494 fallere?
565 451 645 494 GE.
666 452 781 508 Ergo
800 454 999 495 ausculta.
1031 453 1114 495 DA.
1135 455 1259 495 Hanc
1277 469 1445 510 operam

727 515 801 556 tibi
827 516 931 557 dloo.

238 609 247 618 .
281 576 402 619 Senis
427 577 567 626 nestri,
594 576 731 626 Daue,
758 578 928 619 fratrem
952 577 1149 619 maiorem
1176 577 1399 620 Chremem

275 639 450 680 Nostin?
497 638 580 679 DA.
609 639 724 691 Quid
754 639 820 679 ni?
870 638 950 681 Gn.
977 639 1118 692 Quid?
1154 641 1241 681 eius
1272 648 1446 696 gnatum

724 701 1001 742 Phaedriam?

238 794 247 804 .
273 763 379 804 Tam
423 764 547 817 quam
592 770 643 804 te.
716 762 796 805 Gn.
833 763 989 806 Euenit
1031 764 1199 806 senibus
1243 764 1444 805 ambobus
1470 768 1513 802 65

729 825 851 866 simul

278 888 365 928 Iter
389 887 447 928 illi
472 887 514 928 in
539 886 749 928 Lemnum
774 895 820 928 ut
845 889 965 938 esset,
991 895 1129 929 nostro
1154 888 1196 929 in
1221 887 1412 930 Ciliciam

275 949 347 990 Ad
372 949 577 1004 hespitem
603 950 829 1003 antiquom.
877 952 912 991 is
937 966 1078 993 senem
1104 966 1177 1005 per
1202 951 1399 1006 epistulas

274 1012 466 1061 Pellexit,
492 1011 615 1052 modo
640 1027 722 1052 non
747 1012 896 1053 mentis
923 1014 1012 1054 auri
1037 1014 1247 1068 pellicens.

238 1107 246 1115 .
275 1074 386 1125 Quoi
411 1076 526 1115 tanta
551 1082 637 1115 erat
663 1090 727 1116 res
753 1076 793 1116 et
818 1078 1055 1130 supererat?
1104 1075 1183 1117 GE.
1211 1076 1409 1117 Desinas:

277 1137 348 1178 Sic
389 1139 449 1178 est
491 1137 718 1192 ingenium.
795 1137 879 1179 DA.
923 1137 1013 1188 Oh,
1062 1140 1204 1194 regem
1246 1155 1312 1180 me
1355 1154 1444 1180 esse
1470 1143 1513 1177 70

725 1201 916 1256 opertuit.

236 1295 244 1303 .
275 1263 495 1304 Abeuntes
523 1263 646 1304 ambo
671 1263 738 1305 hic
761 1265 850 1304 tum
877 1279 996 1305 senes
1021 1280 1087 1306 me
1112 1264 1210 1305 filiis

275 1326 528 1380 Relinquont
553 1326 671 1381 quasi
703 1328 960 1381 magistrum.
1020 1327 1103 1368 DA.
1131 1326 1171 1368 O
1200 1326 1320 1377 Geta,
1352 1342 1445 1381 pro-

722 1390 902 1431 uinciam

275 1449 434 1505 Cepisti
459 1451 618 1492 duram.
680 1450 758 1493 GE.
785 1452 850 1493 Mi
875 1453 975 1494 usus
1001 1452 1128 1502 uenit,
1155 1452 1232 1493 hec
1257 1452 1359 1493 scio:

273 1512 450 1554 Memini
474 1514 652 1567 relinqui
678 1515 744 1554 me
771 1514 848 1555 deo
873 1515 976 1556 irate
1000 1529 1106 1555 meo.

275 1575 406 1630 Coepi
432 1575 646 1617 aduorsari
672 1577 823 1631 primo:
851 1577 953 1630 quid
977 1577 1114 1619 uerbis
1140 1578 1286 1631 opust?
1469 1585 1512 1619 75

277 1638 379 1679 Seni
402 1636 535 1679 fidelis
562 1638 659 1679 dum
686 1653 791 1687 sum,
818 1639 1008 1694 scapulas
1034 1639 1206 1694 perdidi.

271 1700 435 1742 Venere
459 1700 502 1740 in
528 1708 709 1742 mentem
734 1701 790 1741 mi
813 1701 960 1743 istaec:
985 1716 1166 1755 namque
1191 1701 1403 1750 inscitiast,

273 1762 514 1803 Aduersum
541 1763 754 1803 stimulum
780 1764 926 1805 calces.
966 1763 1046 1805 Gn.
1068 1762 1200 1818 Coepi
1226 1764 1283 1805 eis
1308 1763 1444 1804 emnia

273 1825 451 1874 Facere,
494 1825 667 1879 ebsequi
709 1840 816 1880 quae
857 1826 1024 1868 uellent.
1095 1826 1178 1867 DA.
1218 1826 1341 1868 Scisti
1383 1828 1444 1867 uti

720 1888 823 1929 foro.

269 1949 421 1990 Noster
446 1950 544 1990 mali
569 1949 625 1991 nil
651 1952 873 2004 quicquam
899 1951 1050 2006 prim03
1077 1950 1144 1991 hic
1167 1951 1376 1992 Phaedria
1466 1960 1511 1994 80

275 2010 485 2053 Continuo
511 2013 720 2065 quandam
746 2015 891 2054 nactus
917 2022 976 2055 est
1002 2014 1229 2068 puellulam

274 2073 591 2124 Citharistriam,
617 2075 725 2116 hanc
750 2078 889 2117 amare
915 2076 1048 2131 coepit
1075 2076 1246 2131 perdite.

272 2136 337 2178 Ea
362 2137 569 2178 seruiebat
593 2138 731 2178 lenoni
755 2138 1047 2193 inpurissumo,

271 2200 419 2253 Neque
442 2200 554 2254 qued
574 2200 742 2241 daretur
755 2203 996 2255 quicquam3
1017 2202 1059 2242 id
1079 2202 1271 2243 curarant
1290 2209 1440 2256 patres·

272 2262 472 2303 Restabat
497 2263 610 2304 aliud
635 2264 690 2304 nil
716 2264 794 2304 nisi
820 2265 962 2305 oculos
986 2266 1171 2319 pascere,
1465 2280 1509 2314 85

276 2324 449 2374 sectari,
474 2325 517 2366 in
540 2326 685 2367 ludum
711 2326 861 2368 ducere
887 2335 925 2368 et
949 2327 1187 2368 redducere.

272 2387 360 2428 Nos
385 2388 504 2429 etiosi
529 2391 698 2443 operam
725 2389 928 2430 dabamus
953 2389 1198 2430 Phaedriae.

272 2450 324 2490 In
349 2464 431 2503 quo
457 2450 559 2491 haec
585 2451 768 2493 discebat
793 2452 904 2500 ludo,
930 2452 1208 2493 exaduorsum
1230 2452 1325 2493 ilico

273 2512 499 2554 Tonstrina
524 2522 611 2554 erat
635 2514 859 2567 quaedam:
887 2514 953 2556 hic
979 2514 1213 2556 solebanuis
1238 2515 1325 2555 fere

274 2575 528 2630 Plerumque
553 2591 644 2617 eam
669 2577 860 2631 opperiri,
889 2578 987 2618 dum
1012 2577 1106 2618 inde
1132 2577 1208 2617 iret
1233 2578 1415 2619 domum.
1464 2587 1508 2621 90

274 2638 440 2679 Interea
465 2638 564 2679 dum
589 2639 781 2679 sedemus
807 2640 877 2688 illi,
903 2640 1125 2680 interuenit

272 2700 534 2742 Adulescens
560 2700 728 2754 quidam
754 2701 1002 2743 lacrumans.
1051 2716 1125 2742 nos
1150 2701 1352 2752 mirarier3
