1700 2984
75 194 141 238 IV,
158 193 190 229 4.
209 193 231 230 5
646 191 916 228 EVNVCHVS
1341 182 1417 224 131

256 260 346 316 Ora
371 289 449 316 me.
497 273 581 315 Do.
608 271 798 314 Obsecr6
823 280 863 314 te
888 287 1001 322 uer0‚
1025 271 1246 314 Phaedria.
1295 273 1373 314 PH.
1399 274 1420 314 I
1446 277 1511 313 715

703 334 810 376 intro
839 335 1048 376 nunciam.

142 398 225 440 Do.
253 397 361 440 Oie'i.
420 398 500 439 ΡΗ.
543 396 641 438 Alio
677 398 799 451 pzicto
836 397 1008 439 honeste
1044 397 1127 451 quc')
1164 397 1287 438 modo
1325 396 1420 438 hinc

274 509 281 521 ν
703 459 850 500 abeam
875 459 1027 500 nescio.

254 522 463 571 Actumst,
490 520 695 575 siquidem
721 522 766 561 tu
789 536 856 562 me
875 521 942 562 hic
960 521 1097 571 etiam,
1121 521 1289 570 nebulo,
1314 521 1421 562 ludi-

700 582 891 624 ficaibere.
913 608 966 613 —

88 659 121 684 50
139 647 215 688 ΡΥ.
245 645 521 687 Parmenonis
557 647 642 686 tz'zm
679 645 763 686 scio
795 660 885 686 esse
920 645 1026 687 hanc
1056 645 1264 687 techinam
1294 660 1419 699 quam

702 722 767 748 me
792 709 946 748 uiuere.

140 770 247 812 D0R.
280 769 350 812 Sic
387 776 460 811 est.
520 769 597 811 ΡΥ.
636 769 855 810 Ιηυθηίέιῑη
890 770 959 824 pol
997 769 1138 819 hodie,
1174 772 1316 824 peiren]
1347 769 1420 811 ubi

700 832 878 873 referam
903 832 1092 887 gretiam.

251 893 338 937 de
361 909 472 936 nunc
497 893 598 948 quid
623 894 864 935 facizindum
889 908 1047 943 censes,
1073 894 1251 935 Ddrias?
1310 894 1418 935 DOR.
1446 899 1511 933 720

700 956 769 998 De
794 956 895 997 istac
920 971 1042 1011 rogas

250 1018 449 1075 Virgine?
490 1019 565 1060 ΡΥ.
593 1019 671 1068 Ita,
693 1025 833 1059 utrum
853 1019 1144 1072 praedicemne
1163 1034 1215 1058 an
1235 1019 1419 1060 taceam?

701 1081 811 1122 Don.
841 1080 908 1121 Tu
933 1081 1015 1136 pol,
1043 1083 1076 1122 si
1101 1081 1224 1135 sapiS‚

247 1136 376 1196 Qucd
407 1143 486 1184 scis
524 1143 679 1192 nescis,
715 1144 852 1197 neque
889 1143 940 1184 de
977 1143 1169 1184 eunucho
1199 1144 1334 1197 ne'que
1365 1144 1418 1184 de

699 1205 800 1246 uitio
825 1205 1011 1261 uirginis.

84 1279 117 1305 55
248 1269 341 1309 Hzic
376 1283 421 1309 re
451 1277 492 1310 et
522 1275 562 1309 te
593 1268 704 1309 omni
735 1268 857 1309 turba
887 1268 1056 1309 euolues
1087 1269 1128 1309 et
1164 1268 1222 1309 illi
1251 1274 1417 1323 gratum

246 1379 254 1391 ‚
695 1330 854 1372 feceris.

236 1392 287 1433 Id
323 1392 446 1433 modo
484 1393 567 1442 dic,
612 1393 746 1434 abisse
785 1393 960 1433 Dorum.
1032 1393 1108 1434 ΡΥ.
1151 1393 1217 1434 Ita
1252 1393 1415 1435 fficiam.

698 1455 803 1496 Dor.
837 1454 923 1496 Sed
948 1456 1101 1497 uidedn
1127 1454 1376 1498 Chremem?

247 1516 377 1557 Thzi'is
398 1517 479 1557 iam
499 1517 642 1559 aderit.
680 1517 757 1558 ΡΥ.
779 1517 893 1569 Quid
912 1518 992 1558 ita?
1022 1518 1127 1559 Dor.
1149 1518 1274 1570 Quia,
1289 1534 1415 1573 quom
1441 1517 1507 1552 725

698 1580 793 1621 inde
818 1580 937 1629 abeo,
962 1580 1044 1622 iam
1071 1587 1159 1621 tum
1183 1581 1392 1636 inceperat

246 1641 390 1683 Turba
425 1641 531 1683 inter
567 1656 648 1684 eos.
720 1642 797 1683 ΡΥ.
840 1643 977 1684 Aufer
1012 1659 1160 1684 aurum
1197 1643 1288 1686 hoc.
1336 1646 1414 1700 ego

696 1705 809 1746 scibo
836 1720 886 1747 ex
912 1705 1002 1754 hoc,
1030 1706 1129 1760 quid
1154 1706 1244 1748 siet.

470 1873 732 1916 CHREMES
828 1874 1077 1917 PvT1-11As

474 1951 728 1978 ADVLESCENS
865 1952 1037 1978 AucmLA

64 2015 218 2058 1v,5Cn.
245 2016 367 2057 Attait
397 2016 494 2057 data
523 2016 662 2058 hercle
692 2016 822 2057 uerba
853 2016 953 2057 mihi
985 2024 1095 2059 sunt:
1133 2019 1231 2061 uicit
1267 2019 1412 2061 uinum

694 2079 806 2133 qudd
832 2079 930 2119 bibi.

243 2140 303 2182 At
329 2140 428 2182 dum
452 2141 728 2191 aldcubabam,
760 2144 886 2195 quaim
917 2142 1090 2184 uidebar
1115 2143 1215 2184 mihi
1240 2145 1411 2199 pulchre

694 2219 784 2246 esse
810 2204 990 2245 sebrius!

243 2265 474 2319 Postquam
507 2266 684 2316 surrexi,
721 2268 859 2320 neque
896 2282 968 2322 pes
999 2282 1134 2321 neque
1164 2283 1281 2310 mens
1312 2270 1412 2312 satis

694 2344 813 2370 suom
838 2329 1022 2370 officium
1046 2330 1157 2371 facit.

133 2389 209 2431 ΡΥ.
244 2388 457 2431 Chremes.
530 2389 608 2434 Cn.
652 2391 759 2444 Quis
796 2393 882 2433 est?
924 2392 1044 2433 ehem
1079 2392 1273 2447 Pythias:
1316 2394 1412 2444 uah,
1438 2394 1505 2429 730

695 2455 849 2507 quanto
874 2469 985 2495 nunc
1010 2455 1257 2496 formensior

100 2527 116 2552 5
246 2514 400 2556 Videre
426 2514 526 2556 mihi
552 2530 677 2569 quam
704 2516 879 2557 dudum!
922 2517 999 2557 ΡΥ.
1022 2516 1149 2559 Certo
1175 2519 1219 2559 tsi
1244 2519 1413 2573 quidem

696 2580 763 2634 pol
788 2579 918 2620 multo
944 2579 1122 2620 hilarior.

136 2638 211 2681 CH.
245 2639 433 2682 Verbum
470 2639 607 2682 hercle
644 2641 722 2682 hoc
758 2655 903 2682 uerum
940 2644 1013 2683 erit
1047 2643 1152 2683 ‘sine
1186 2642 1337 2686 Cerere
1374 2652 1415 2687 et

697 2703 852 2745 Libero
879 2704 1002 2760 friget
1028 2706 1172 2795 Venug
1182 2705 1204 2746 '.
