1700 2984
216 107 270 149 92

535 114 1170 151 {LEANVFORQ'TIRHJRVOELEDH)S
1422 115 1552 159 V‚1.2

327 196 438 246 Non,
462 197 521 238 ita
544 211 610 238 me
629 197 671 237 di
695 197 846 245 ament,
872 196 1042 238 auderet
1060 197 1197 239 facere
1215 197 1318 239 haec
1340 196 1487 238 uiduae
1505 207 1538 233 80

776 258 950 308 mulieri,

330 321 451 374 Quae
474 322 517 362 in
541 335 607 363 me
632 320 742 362 fecit.

239 444 514 488 Cnr'ru‘no
573 445 921 486 MENEDEMVS
980 443 1241 487 CHREMES
1300 444 1474 487 Srnvs

249 516 505 544 Anvnnscnns
686 516 806 543 smms
1085 518 1114 543 11
1312 516 1456 543 smzvos
1474 556 1477 559 μ

125 702 191 738 955

125 1329 193 1364 960
217 1319 292 1362 CL.

127 1955 194 1989 965

219 2444 297 2485 Cn.

588 567 663 610 CL.
689 556 809 610 I'tane
833 568 1001 610 tandem
1025 572 1194 623 quaeso,
1218 569 1557 612 Menedeme?v,2

773 632 818 672 ut
842 639 959 686 pater

327 695 435 736 Tam
455 696 497 735 in
510 693 628 735 breui
649 693 781 748 spatio
796 694 959 735 omnem
974 693 1025 735 de
1044 708 1110 736 me
1128 694 1292 736 eiecerit
1311 694 1492 736 animum

776 756 929 811 patris?

328 819 455 872 Quod
479 834 576 861 nam
601 819 655 860 ob
680 818 864 860 factum?
900 819 1001 872 quid
1031 834 1109 875 ego
1138 827 1299 861 tantum
1328 818 1493 861 sceleris

775 881 924 923 admisi
948 882 1094 923 miser?

327 945 465 1000 Volgo
500 944 670 987 faciunt.
720 944 808 985 Mn.
841 943 939 986 Scio
975 945 1050 985 tibi
1086 960 1176 987 esse
1211 944 1289 987 hoc
1323 944 1492 1000 grauius

777 1007 908 1048 multo
934 1021 982 1048 ac
1007 1007 1165 1056 durius,

327 1069 440 1122 Quoi
463 1069 508 1111 fit
517 1086 527 1119 3
552 1084 699 1111 uerum
726 1083 804 1124 ego
828 1068 941 1110 haud
966 1069 1101 1110 minus
1127 1084 1251 1124 aegre
1276 1070 1423 1125 patior,
1447 1069 1490 1110 id
1526 1082 1542 1108 5

776 1146 848 1186 qul
872 1146 1011 1173 nescio

327 1194 419 1236 Nec
442 1195 647 1236 rationem
670 1193 803 1249 capio,
826 1194 906 1235 nisi
924 1194 1037 1248 quod
1062 1194 1137 1235 tibi
1162 1194 1268 1237 bene
1287 1209 1338 1236 ex
1357 1194 1494 1236 animo

778 1257 885 1297 uolo.

329 1321 413 1361 Hic
436 1326 598 1375 patrem
622 1333 712 1361 esse
736 1318 889 1360 aiebas.
938 1318 1026 1358 Mn.
1052 1318 1226 1360 Eccum.
1277 1318 1354 1361 Cn.
1382 1319 1495 1372 Quid

776 1396 843 1422 me
867 1381 1045 1431 incusas,
1075 1379 1282 1436 Clitipho?

329 1444 547 1499 Quidquid
568 1458 646 1499 ego
666 1443 789 1485 huius
809 1443 903 1493 fe'ci,
928 1443 1002 1484 tibi
1026 1444 1221 1499 prospexi
1241 1452 1281 1486 et
1299 1444 1494 1486 stultitiae

349 1556 356 1568 .
776 1513 885 1547 tuae.

327 1569 413 1611 Vbi
438 1576 477 1611 te
501 1568 588 1610 uidi
613 1568 751 1610 animo
777 1570 867 1609 esse
893 1568 1043 1609 omisso
1070 1576 1110 1610 et
1142 1569 1287 1610 suauia
1310 1568 1352 1609 in
1376 1584 1495 1624 prae-

779 1630 911 1671 sentia

330 1693 451 1746 Quae
487 1694 637 1743 e'ssent,
674 1693 808 1748 prima
844 1692 999 1734 habere
1033 1707 1169 1747 neque
1206 1693 1418 1735 consulere
1453 1694 1495 1735 in
1514 1707 1546 1732 10

776 1755 1097 1810 longitudinem:

331 1818 437 1874 Ce'pi
471 1818 685 1867 rationem,
722 1819 769 1859 ut
803 1832 938 1871 neque
975 1833 1118 1873 egeres
1154 1819 1289 1872 ne'que
1319 1826 1363 1859 ut
1395 1818 1497 1860 haec

350 1930 356 1940 ,
774 1895 916 1935 posses
941 1880 1127 1934 perdere,

328 1943 412 1985 Vbi
438 1943 536 1997 quoi
562 1942 699 1984 decuit
725 1945 871 1997 primo,
897 1942 971 1983 tibi
990 1957 1073 1984 non
1095 1943 1210 1984 licuit
1234 1958 1307 1997 per
1332 1952 1370 1984 te
1395 1942 1496 1984 mihi

349 2055 357 2067 7
776 2005 888 2054 dare,

329 2068 431 2109 Abii
456 2068 509 2109 ad
539 2068 789 2122 proxumum
819 2067 893 2108 tibi
925 2067 996 2120 qui
1028 2074 1133 2108 erat:
1171 2068 1208 2109 ei
1240 2067 1425 2108 commisi
1456 2075 1496 2109 et

339 2180 347 2191 1
779 2130 946 2171 credidi.

329 2192 395 2234 Ibi
433 2200 528 2234 tuae
565 2192 762 2234 stultitiae
799 2206 960 2247 semper
996 2191 1072 2233 erit
1108 2191 1377 2247 praesidium,
1410 2191 1496 2233 Ch'-

776 2254 905 2309 tipho,
961 2304 964 2305 ⁷

327 2318 488 2367 Victus,
514 2318 700 2367 uestitus,
726 2331 809 2371 quo
827 2317 869 2358 in
888 2324 1043 2359 tectum
1062 2318 1101 2358 te
1121 2324 1319 2372 receptes.
1348 2316 1420 2358 CL.
1443 2317 1495 2358 Ei
1514 2329 1546 2355 15

776 2380 895 2421 mihi!

330 2443 471 2485 Satius
502 2451 564 2486 est
594 2458 719 2497 quam
755 2450 796 2484 te
830 2444 921 2498 ipso
958 2442 1110 2484 herede
1146 2443 1249 2484 haec
1283 2442 1494 2497 possidere

774 2505 1041 2547 Bacchidem.

126 2580 193 2615 970
218 2569 288 2612 SY.
326 2569 528 2625 Disperii:
579 2569 777 2610 scelestus
819 2576 996 2621 quantas
1042 2568 1184 2610 turbas
1226 2567 1386 2610 conciui
1433 2569 1494 2608 in-

775 2630 926 2672 sciens!
