<?xml version="1.0" encoding="UTF-8"?>
<!DOCTYPE html PUBLIC "-//W3C//DTD XHTML 1.0 Transitional//EN"
    "http://www.w3.org/TR/xhtml1/DTD/xhtml1-transitional.dtd">
<html xmlns="http://www.w3.org/1999/xhtml" xml:lang="en" lang="en">
 <head>
  <title>
</title>
<meta http-equiv="Content-Type" content="text/html;charset=utf-8" />
  <meta name='ocr-system' content='tesseract 3.04.00' />
  <meta name='ocr-capabilities' content='ocr_page ocr_carea ocr_par ocr_line ocrx_word'/>
</head>
<body>
  <div class='ocr_page' id='page_1' title='image "./pterentiafricomo00tereuoft/pterentiafricomo00tereuoft_0237.png"; bbox 0 0 1700 2984; ppageno 0'>
   <div class='ocr_carea' id='block_1_1' title="bbox 120 125 203 170">
    <p class='ocr_par' dir='ltr' id='par_1_1' title="bbox 120 125 203 170">
     <span class='ocr_line' id='line_1_1' title="bbox 120 125 203 170; baseline -0.024 -8"><span class='ocrx_word' id='word_1_1' title='bbox 120 125 203 170; x_wconf 84' lang='lat' dir='ltr'>V‚8</span> 
     </span>
    </p>
   </div>
   <div class='ocr_carea' id='block_1_2' title="bbox 185 206 264 247">
    <p class='ocr_par' dir='ltr' id='par_1_2' title="bbox 185 206 264 247">
     <span class='ocr_line' id='line_1_2' title="bbox 185 206 264 247; baseline 0 0"><span class='ocrx_word' id='word_1_2' title='bbox 185 206 264 247; x_wconf 82' lang='grc' dir='ltr'>ΡΗ.</span> 
     </span>
    </p>
   </div>
   <div class='ocr_carea' id='block_1_3' title="bbox 81 525 170 554">
    <p class='ocr_par' dir='ltr' id='par_1_3' title="bbox 81 525 170 554">
     <span class='ocr_line' id='line_1_3' title="bbox 81 525 170 554; baseline 0.011 -1"><span class='ocrx_word' id='word_1_3' title='bbox 81 525 170 554; x_wconf 87' lang='lat'>&#39;10</span> 
     </span>
    </p>
   </div>
   <div class='ocr_carea' id='block_1_4' title="bbox 138 715 170 741">
    <p class='ocr_par' dir='ltr' id='par_1_4' title="bbox 138 715 170 741">
     <span class='ocr_line' id='line_1_4' title="bbox 138 715 170 741; baseline 0 0"><span class='ocrx_word' id='word_1_4' title='bbox 138 715 170 741; x_wconf 88' lang='grc'>13</span> 
     </span>
    </p>
   </div>
   <div class='ocr_carea' id='block_1_5' title="bbox 141 838 172 864">
    <p class='ocr_par' dir='ltr' id='par_1_5' title="bbox 141 838 172 864">
     <span class='ocr_line' id='line_1_5' title="bbox 141 838 172 864; baseline 0.032 -1"><span class='ocrx_word' id='word_1_5' title='bbox 141 838 172 864; x_wconf 87' lang='lat'>15</span> 
     </span>
    </p>
   </div>
   <div class='ocr_carea' id='block_1_6' title="bbox 191 1013 272 1055">
    <p class='ocr_par' dir='ltr' id='par_1_6' title="bbox 191 1013 272 1055">
     <span class='ocr_line' id='line_1_6' title="bbox 191 1013 272 1055; baseline 0 0"><span class='ocrx_word' id='word_1_6' title='bbox 191 1013 272 1055; x_wconf 74' lang='lat' dir='ltr'>DE.</span> 
     </span>
    </p>
   </div>
   <div class='ocr_carea' id='block_1_7' title="bbox 141 1214 173 1238">
    <p class='ocr_par' dir='ltr' id='par_1_7' title="bbox 141 1214 173 1238">
     <span class='ocr_line' id='line_1_7' title="bbox 141 1214 173 1238; baseline 0 0"><span class='ocrx_word' id='word_1_7' title='bbox 141 1214 173 1238; x_wconf 84' lang='lat'>20</span> 
     </span>
    </p>
   </div>
   <div class='ocr_carea' id='block_1_8' title="bbox 192 1327 271 1368">
    <p class='ocr_par' dir='ltr' id='par_1_8' title="bbox 192 1327 271 1368">
     <span class='ocr_line' id='line_1_8' title="bbox 192 1327 271 1368; baseline -0.013 0"><span class='ocrx_word' id='word_1_8' title='bbox 192 1327 271 1368; x_wconf 84' lang='grc' dir='ltr'>ΡΗ.</span> 
     </span>
    </p>
   </div>
   <div class='ocr_carea' id='block_1_9' title="bbox 143 1514 272 1556">
    <p class='ocr_par' dir='ltr' id='par_1_9' title="bbox 143 1514 272 1556">
     <span class='ocr_line' id='line_1_9' title="bbox 143 1514 272 1556; baseline 0.023 -4"><span class='ocrx_word' id='word_1_9' title='bbox 143 1528 175 1552; x_wconf 83' lang='lat'>25</span> <span class='ocrx_word' id='word_1_10' title='bbox 195 1514 272 1556; x_wconf 78' lang='lat' dir='ltr'>Cn.</span> 
     </span>
    </p>
   </div>
   <div class='ocr_carea' id='block_1_10' title="bbox 143 1827 1394 1942">
    <p class='ocr_par' dir='ltr' id='par_1_10' title="bbox 143 1827 1394 1942">
     <span class='ocr_line' id='line_1_10' title="bbox 143 1827 270 1868; baseline 0.016 -3"><span class='ocrx_word' id='word_1_11' title='bbox 143 1841 176 1865; x_wconf 88' lang='lat'>30</span> <span class='ocrx_word' id='word_1_12' title='bbox 193 1827 270 1868; x_wconf 78' lang='grc' dir='ltr'>ΡΗ.</span> 
     </span>
     <span class='ocr_line' id='line_1_11' title="bbox 268 1884 1394 1942; baseline -0.005 -12"><span class='ocrx_word' id='word_1_13' title='bbox 268 1921 276 1930; x_wconf 92' lang='grc'><strong>.</strong></span> <span class='ocrx_word' id='word_1_14' title='bbox 309 1888 423 1940; x_wconf 72' lang='lat' dir='ltr'>Quid</span> <span class='ocrx_word' id='word_1_15' title='bbox 448 1887 574 1942; x_wconf 77' lang='lat' dir='ltr'>igitur</span> <span class='ocrx_word' id='word_1_16' title='bbox 599 1887 692 1927; x_wconf 84' lang='lat' dir='ltr'>fiet?</span> <span class='ocrx_word' id='word_1_17' title='bbox 738 1886 816 1927; x_wconf 80' lang='lat' dir='ltr'>PH.</span> <span class='ocrx_word' id='word_1_18' title='bbox 846 1885 892 1927; x_wconf 82' lang='lat' dir='ltr'>Si</span> <span class='ocrx_word' id='word_1_19' title='bbox 917 1887 980 1926; x_wconf 87' lang='lat' dir='ltr'>uis</span> <span class='ocrx_word' id='word_1_20' title='bbox 1004 1886 1060 1926; x_wconf 89' lang='lat' dir='ltr'>mi</span> <span class='ocrx_word' id='word_1_21' title='bbox 1085 1886 1257 1926; x_wconf 80' lang='lat' dir='ltr'>uxorem</span> <span class='ocrx_word' id='word_1_22' title='bbox 1282 1884 1394 1933; x_wconf 84' lang='lat' dir='ltr'>dare,</span> 
     </span>
    </p>
   </div>
   <div class='ocr_carea' id='block_1_11' title="bbox 145 2152 177 2177">
    <p class='ocr_par' dir='ltr' id='par_1_11' title="bbox 145 2152 177 2177">
     <span class='ocr_line' id='line_1_12' title="bbox 145 2152 177 2177; baseline 0 0"><span class='ocrx_word' id='word_1_23' title='bbox 145 2152 177 2177; x_wconf 85' lang='lat'>35</span> 
     </span>
    </p>
   </div>
   <div class='ocr_carea' id='block_1_12' title="bbox 145 2526 179 2550">
    <p class='ocr_par' dir='ltr' id='par_1_12' title="bbox 145 2526 179 2550">
     <span class='ocr_line' id='line_1_13' title="bbox 145 2526 179 2550; baseline 0 0"><span class='ocrx_word' id='word_1_24' title='bbox 145 2526 179 2550; x_wconf 80' lang='lat'>40</span> 
     </span>
    </p>
   </div>
   <div class='ocr_carea' id='block_1_13' title="bbox 706 107 1459 158">
    <p class='ocr_par' dir='ltr' id='par_1_13' title="bbox 706 107 1459 158">
     <span class='ocr_line' id='line_1_14' title="bbox 706 107 1459 158; baseline -0.011 0"><span class='ocrx_word' id='word_1_25' title='bbox 706 122 934 158; x_wconf 86' lang='lat' dir='ltr'>PHORMIO</span> <span class='ocrx_word' id='word_1_26' title='bbox 1380 107 1459 151; x_wconf 83' lang='lat'>189</span> 
     </span>
    </p>
   </div>
   <div class='ocr_carea' id='block_1_14' title="bbox 294 199 1564 1879">
    <p class='ocr_par' dir='ltr' id='par_1_14' title="bbox 294 199 1460 308">
     <span class='ocr_line' id='line_1_15' title="bbox 294 199 1460 248; baseline -0.005 -2"><span class='ocrx_word' id='word_1_27' title='bbox 294 205 362 247; x_wconf 90' lang='lat' dir='ltr'>De</span> <span class='ocrx_word' id='word_1_28' title='bbox 392 205 537 248; x_wconf 87' lang='lat' dir='ltr'>eadem</span> <span class='ocrx_word' id='word_1_29' title='bbox 572 204 650 246; x_wconf 66' lang='lat' dir='ltr'>haic</span> <span class='ocrx_word' id='word_1_30' title='bbox 686 204 859 246; x_wconf 84' lang='lat' dir='ltr'>fortasse</span> <span class='ocrx_word' id='word_1_31' title='bbox 895 203 1045 246; x_wconf 79' lang='lat' dir='ltr'>causa?</span> <span class='ocrx_word' id='word_1_32' title='bbox 1097 202 1179 243; x_wconf 66' lang='lat' dir='ltr'>Dm.</span> <span class='ocrx_word' id='word_1_33' title='bbox 1210 201 1276 243; x_wconf 88' lang='lat' dir='ltr'>Ita</span> <span class='ocrx_word' id='word_1_34' title='bbox 1310 199 1460 242; x_wconf 86' lang='lat' dir='ltr'>hercle.</span> 
     </span>
     <span class='ocr_line' id='line_1_16' title="bbox 742 265 1036 308; baseline -0.007 0"><span class='ocrx_word' id='word_1_35' title='bbox 742 267 820 308; x_wconf 80' lang='grc' dir='ltr'>ΡΗ.</span> <span class='ocrx_word' id='word_1_36' title='bbox 848 265 1036 308; x_wconf 80' lang='lat' dir='ltr'>Credidi:</span> 
     </span>
    </p>

    <p class='ocr_par' dir='ltr' id='par_1_15' title="bbox 300 324 1463 433">
     <span class='ocr_line' id='line_1_17' title="bbox 300 324 1463 382; baseline -0.006 -11"><span class='ocrx_word' id='word_1_37' title='bbox 300 328 414 382; x_wconf 81' lang='lat' dir='ltr'>Quid</span> <span class='ocrx_word' id='word_1_38' title='bbox 449 329 502 370; x_wconf 69' lang='lat' dir='ltr'>zid</span> <span class='ocrx_word' id='word_1_39' title='bbox 538 344 604 370; x_wconf 91' lang='lat' dir='ltr'>me</span> <span class='ocrx_word' id='word_1_40' title='bbox 639 328 786 370; x_wconf 81' lang='lat' dir='ltr'>ibatis?</span> <span class='ocrx_word' id='word_1_41' title='bbox 844 328 926 370; x_wconf 73' lang='lat' dir='ltr'>DE.</span> <span class='ocrx_word' id='word_1_42' title='bbox 959 327 1210 369; x_wconf 82' lang='lat' dir='ltr'>Ridiculum.</span> <span class='ocrx_word' id='word_1_43' title='bbox 1277 324 1354 365; x_wconf 72' lang='lat' dir='ltr'>PH.</span> <span class='ocrx_word' id='word_1_44' title='bbox 1392 324 1463 364; x_wconf 89' lang='lat' dir='ltr'>An</span> 
     </span>
     <span class='ocr_line' id='line_1_18' title="bbox 744 391 945 433; baseline 0 -2"><span class='ocrx_word' id='word_1_45' title='bbox 744 391 945 433; x_wconf 59' lang='lat' dir='ltr'>rebdmini</span> 
     </span>
    </p>

    <p class='ocr_par' dir='ltr' id='par_1_16' title="bbox 297 450 1296 508">
     <span class='ocr_line' id='line_1_19' title="bbox 297 450 1296 508; baseline -0.005 -13"><span class='ocrx_word' id='word_1_46' title='bbox 297 454 368 495; x_wconf 89' lang='lat' dir='ltr'>Me</span> <span class='ocrx_word' id='word_1_47' title='bbox 391 455 475 495; x_wconf 74' lang='lat' dir='ltr'>non</span> <span class='ocrx_word' id='word_1_48' title='bbox 499 453 543 494; x_wconf 87' lang='lat' dir='ltr'>id</span> <span class='ocrx_word' id='word_1_49' title='bbox 566 453 710 502; x_wconf 82' lang='lat' dir='ltr'>facere,</span> <span class='ocrx_word' id='word_1_50' title='bbox 737 453 847 507; x_wconf 87' lang='lat' dir='ltr'>quo&#39;d</span> <span class='ocrx_word' id='word_1_51' title='bbox 872 453 1120 508; x_wconf 79' lang='lat' dir='ltr'>recepissem</span> <span class='ocrx_word' id='word_1_52' title='bbox 1145 450 1296 492; x_wconf 86' lang='lat' dir='ltr'>semel?</span> 
     </span>
    </p>

    <p class='ocr_par' dir='ltr' id='par_1_17' title="bbox 298 510 1463 619">
     <span class='ocr_line' id='line_1_20' title="bbox 298 510 1463 569; baseline -0.006 -12"><span class='ocrx_word' id='word_1_53' title='bbox 298 519 434 565; x_wconf 86' lang='lat' dir='ltr'>Heus,</span> <span class='ocrx_word' id='word_1_54' title='bbox 475 517 631 569; x_wconf 66' lang='lat' dir='ltr'>quainta</span> <span class='ocrx_word' id='word_1_55' title='bbox 665 523 820 569; x_wconf 81' lang='lat' dir='ltr'>quanta</span> <span class='ocrx_word' id='word_1_56' title='bbox 861 515 963 556; x_wconf 84' lang='lat' dir='ltr'>haec</span> <span class='ocrx_word' id='word_1_57' title='bbox 998 515 1091 555; x_wconf 72' lang='lat' dir='ltr'>mea</span> <span class='ocrx_word' id='word_1_58' title='bbox 1125 518 1345 568; x_wconf 85' lang='lat' dir='ltr'>paupertas</span> <span class='ocrx_word' id='word_1_59' title='bbox 1387 510 1463 558; x_wconf 81' lang='lat' dir='ltr'>est,</span> 
     </span>
     <span class='ocr_line' id='line_1_21' title="bbox 746 586 884 619; baseline 0 -1"><span class='ocrx_word' id='word_1_60' title='bbox 746 586 884 619; x_wconf 84' lang='lat' dir='ltr'>tamen</span> 
     </span>
    </p>

    <p class='ocr_par' dir='ltr' id='par_1_18' title="bbox 301 633 1556 693">
     <span class='ocr_line' id='line_1_22' title="bbox 301 633 1556 693; baseline -0.006 -12"><span class='ocrx_word' id='word_1_61' title='bbox 301 639 455 681; x_wconf 75' lang='lat' dir='ltr'>Adhuc</span> <span class='ocrx_word' id='word_1_62' title='bbox 474 639 617 681; x_wconf 85' lang='lat' dir='ltr'>curaui</span> <span class='ocrx_word' id='word_1_63' title='bbox 636 655 765 681; x_wconf 89' lang='lat' dir='ltr'>unum</span> <span class='ocrx_word' id='word_1_64' title='bbox 785 640 863 681; x_wconf 78' lang='lat' dir='ltr'>hoc</span> <span class='ocrx_word' id='word_1_65' title='bbox 882 639 1062 693; x_wconf 87' lang='lat' dir='ltr'>quidem,</span> <span class='ocrx_word' id='word_1_66' title='bbox 1083 645 1128 678; x_wconf 82' lang='lat' dir='ltr'>ut</span> <span class='ocrx_word' id='word_1_67' title='bbox 1147 637 1203 677; x_wconf 88' lang='lat' dir='ltr'>mi</span> <span class='ocrx_word' id='word_1_68' title='bbox 1223 637 1330 678; x_wconf 79' lang='lat' dir='ltr'>esset</span> <span class='ocrx_word' id='word_1_69' title='bbox 1350 633 1463 676; x_wconf 88' lang='lat' dir='ltr'>fides.</span> <span class='ocrx_word' id='word_1_70' title='bbox 1490 638 1556 673; x_wconf 85' lang='lat'>905</span> 
     </span>
    </p>

    <p class='ocr_par' dir='ltr' id='par_1_19' title="bbox 303 700 1235 756">
     <span class='ocr_line' id='line_1_23' title="bbox 303 700 1235 756; baseline -0.004 -13"><span class='ocrx_word' id='word_1_71' title='bbox 303 703 435 756; x_wconf 89' lang='lat' dir='ltr'>quue</span> <span class='ocrx_word' id='word_1_72' title='bbox 459 702 563 743; x_wconf 57' lang='lat' dir='ltr'>adeo</span> <span class='ocrx_word' id='word_1_73' title='bbox 588 702 711 743; x_wconf 88' lang='lat' dir='ltr'>uenio</span> <span class='ocrx_word' id='word_1_74' title='bbox 736 702 985 750; x_wconf 78' lang='lat' dir='ltr'>nuntiatum,</span> <span class='ocrx_word' id='word_1_75' title='bbox 1011 700 1235 754; x_wconf 82' lang='lat' dir='ltr'>Demipho,</span> 
     </span>
    </p>

    <p class='ocr_par' dir='ltr' id='par_1_20' title="bbox 299 762 1312 811">
     <span class='ocr_line' id='line_1_24' title="bbox 299 762 1312 811; baseline -0.005 -6"><span class='ocrx_word' id='word_1_76' title='bbox 299 764 501 805; x_wconf 57' lang='lat' dir='ltr'>Paratum</span> <span class='ocrx_word' id='word_1_77' title='bbox 524 779 590 805; x_wconf 89' lang='lat' dir='ltr'>me</span> <span class='ocrx_word' id='word_1_78' title='bbox 615 779 723 805; x_wconf 84' lang='lat' dir='ltr'>esse:</span> <span class='ocrx_word' id='word_1_79' title='bbox 749 764 821 804; x_wconf 88' lang='lat' dir='ltr'>ubi</span> <span class='ocrx_word' id='word_1_80' title='bbox 847 764 982 811; x_wconf 75' lang='lat' dir='ltr'>uoltis,</span> <span class='ocrx_word' id='word_1_81' title='bbox 1008 763 1181 803; x_wconf 85' lang='lat' dir='ltr'>uxore&#39;m</span> <span class='ocrx_word' id='word_1_82' title='bbox 1207 762 1312 801; x_wconf 80' lang='lat' dir='ltr'>date.</span> 
     </span>
    </p>

    <p class='ocr_par' dir='ltr' id='par_1_21' title="bbox 301 820 1427 881">
     <span class='ocr_line' id='line_1_25' title="bbox 301 820 1427 881; baseline -0.006 -14"><span class='ocrx_word' id='word_1_83' title='bbox 301 826 410 867; x_wconf 85' lang='lat' dir='ltr'>Nam</span> <span class='ocrx_word' id='word_1_84' title='bbox 436 827 568 866; x_wconf 79' lang='lat' dir='ltr'>omnis</span> <span class='ocrx_word' id='word_1_85' title='bbox 593 825 815 881; x_wconf 85' lang='lat' dir='ltr'>posthabui</span> <span class='ocrx_word' id='word_1_86' title='bbox 840 825 941 866; x_wconf 78' lang='lat' dir='ltr'>mihi</span> <span class='ocrx_word' id='word_1_87' title='bbox 966 840 1044 873; x_wconf 88' lang='lat' dir='ltr'>res,</span> <span class='ocrx_word' id='word_1_88' title='bbox 1070 824 1128 864; x_wconf 83' lang='lat' dir='ltr'>ita</span> <span class='ocrx_word' id='word_1_89' title='bbox 1152 823 1212 864; x_wconf 88' lang='lat' dir='ltr'>uti</span> <span class='ocrx_word' id='word_1_90' title='bbox 1237 824 1311 876; x_wconf 65' lang='lat' dir='ltr'>pzir</span> <span class='ocrx_word' id='word_1_91' title='bbox 1336 820 1427 868; x_wconf 85' lang='lat' dir='ltr'>fuit,</span> 
     </span>
    </p>

    <p class='ocr_par' dir='ltr' id='par_1_22' title="bbox 301 881 1468 991">
     <span class='ocr_line' id='line_1_26' title="bbox 301 881 1468 943; baseline -0.007 -13"><span class='ocrx_word' id='word_1_92' title='bbox 301 889 530 943; x_wconf 87' lang='lat' dir='ltr'>Postquam</span> <span class='ocrx_word' id='word_1_93' title='bbox 565 888 608 928; x_wconf 80' lang='lat' dir='ltr'>id</span> <span class='ocrx_word' id='word_1_94' title='bbox 638 895 752 929; x_wconf 84' lang='lat' dir='ltr'>tanto</span> <span class='ocrx_word' id='word_1_95' title='bbox 783 902 907 942; x_wconf 91' lang='lat' dir='ltr'>opere</span> <span class='ocrx_word' id='word_1_96' title='bbox 937 888 1010 928; x_wconf 77' lang='lat' dir='ltr'>uos</span> <span class='ocrx_word' id='word_1_97' title='bbox 1044 886 1151 928; x_wconf 90' lang='lat' dir='ltr'>uelle</span> <span class='ocrx_word' id='word_1_98' title='bbox 1181 885 1365 926; x_wconf 88' lang='lat' dir='ltr'>animum</span> <span class='ocrx_word' id='word_1_99' title='bbox 1396 881 1468 923; x_wconf 85' lang='lat' dir='ltr'>ad-</span> 
     </span>
     <span class='ocr_line' id='line_1_27' title="bbox 747 951 965 991; baseline -0.005 0"><span class='ocrx_word' id='word_1_100' title='bbox 747 951 965 991; x_wconf 76' lang='lat' dir='ltr'>uorteram.</span> 
     </span>
    </p>

    <p class='ocr_par' dir='ltr' id='par_1_23' title="bbox 304 1010 1560 1061">
     <span class='ocr_line' id='line_1_28' title="bbox 304 1010 1560 1061; baseline -0.008 -6"><span class='ocrx_word' id='word_1_101' title='bbox 304 1013 363 1054; x_wconf 84' lang='lat' dir='ltr'>At</span> <span class='ocrx_word' id='word_1_102' title='bbox 387 1012 453 1054; x_wconf 90' lang='lat' dir='ltr'>hic</span> <span class='ocrx_word' id='word_1_103' title='bbox 477 1013 716 1054; x_wconf 82' lang='lat' dir='ltr'>dehortatus</span> <span class='ocrx_word' id='word_1_104' title='bbox 742 1014 803 1054; x_wconf 75' lang='lat' dir='ltr'>est</span> <span class='ocrx_word' id='word_1_105' title='bbox 828 1028 907 1061; x_wconf 89' lang='lat' dir='ltr'>me,</span> <span class='ocrx_word' id='word_1_106' title='bbox 932 1028 984 1054; x_wconf 91' lang='lat' dir='ltr'>ne</span> <span class='ocrx_word' id='word_1_107' title='bbox 1009 1012 1120 1052; x_wconf 87' lang='lat' dir='ltr'>illam</span> <span class='ocrx_word' id='word_1_108' title='bbox 1146 1010 1221 1051; x_wconf 82' lang='lat' dir='ltr'>tibi</span> <span class='ocrx_word' id='word_1_109' title='bbox 1246 1010 1404 1050; x_wconf 84' lang='lat' dir='ltr'>darem:</span> <span class='ocrx_word' id='word_1_110' title='bbox 1493 1010 1560 1045; x_wconf 86' lang='lat'>910</span> 
     </span>
    </p>

    <p class='ocr_par' dir='ltr' id='par_1_24' title="bbox 304 1069 1469 1130">
     <span class='ocr_line' id='line_1_29' title="bbox 304 1069 1469 1130; baseline -0.006 -13"><span class='ocrx_word' id='word_1_111' title='bbox 304 1076 431 1117; x_wconf 86' lang='lat' dir='ltr'>‘Nam</span> <span class='ocrx_word' id='word_1_112' title='bbox 451 1077 522 1129; x_wconf 83' lang='lat' dir='ltr'>qui</span> <span class='ocrx_word' id='word_1_113' title='bbox 541 1076 617 1117; x_wconf 86' lang='lat' dir='ltr'>erit</span> <span class='ocrx_word' id='word_1_114' title='bbox 635 1089 775 1116; x_wconf 92' lang='lat' dir='ltr'>rumor</span> <span class='ocrx_word' id='word_1_115' title='bbox 794 1075 966 1130; x_wconf 78' lang='lat' dir='ltr'>populi’,</span> <span class='ocrx_word' id='word_1_116' title='bbox 995 1074 1141 1127; x_wconf 89' lang='lat' dir='ltr'>inquit,</span> <span class='ocrx_word' id='word_1_117' title='bbox 1167 1073 1219 1113; x_wconf 89' lang='lat' dir='ltr'>‘si</span> <span class='ocrx_word' id='word_1_118' title='bbox 1238 1072 1281 1112; x_wconf 85' lang='lat' dir='ltr'>id</span> <span class='ocrx_word' id='word_1_119' title='bbox 1299 1069 1469 1111; x_wconf 80' lang='lat' dir='ltr'>feceris?</span> 
     </span>
    </p>

    <p class='ocr_par' dir='ltr' id='par_1_25' title="bbox 308 1134 1387 1192">
     <span class='ocr_line' id='line_1_30' title="bbox 308 1134 1387 1192; baseline -0.006 -13"><span class='ocrx_word' id='word_1_120' title='bbox 308 1136 423 1179; x_wconf 85' lang='lat' dir='ltr'>Olim</span> <span class='ocrx_word' id='word_1_121' title='bbox 449 1152 574 1191; x_wconf 87' lang='lat' dir='ltr'>quom</span> <span class='ocrx_word' id='word_1_122' title='bbox 599 1138 770 1179; x_wconf 81' lang='lat' dir='ltr'>honeste</span> <span class='ocrx_word' id='word_1_123' title='bbox 796 1138 940 1192; x_wconf 79' lang='lat' dir='ltr'>potuit,</span> <span class='ocrx_word' id='word_1_124' title='bbox 966 1146 1053 1177; x_wconf 84' lang='lat' dir='ltr'>tum</span> <span class='ocrx_word' id='word_1_125' title='bbox 1079 1150 1160 1176; x_wconf 90' lang='lat' dir='ltr'>non</span> <span class='ocrx_word' id='word_1_126' title='bbox 1186 1137 1248 1175; x_wconf 80' lang='lat' dir='ltr'>e&#39;st.</span> <span class='ocrx_word' id='word_1_127' title='bbox 1273 1134 1387 1174; x_wconf 81' lang='lat' dir='ltr'>data:</span> 
     </span>
    </p>

    <p class='ocr_par' dir='ltr' id='par_1_26' title="bbox 302 1195 1469 1254">
     <span class='ocr_line' id='line_1_31' title="bbox 302 1195 1469 1254; baseline -0.006 -13"><span class='ocrx_word' id='word_1_128' title='bbox 302 1200 426 1241; x_wconf 88' lang='lat' dir='ltr'>Nunc</span> <span class='ocrx_word' id='word_1_129' title='bbox 438 1200 609 1241; x_wconf 82' lang='lat' dir='ltr'>uiduam</span> <span class='ocrx_word' id='word_1_130' title='bbox 623 1200 786 1241; x_wconf 86' lang='lat' dir='ltr'>extrudi</span> <span class='ocrx_word' id='word_1_131' title='bbox 799 1199 987 1254; x_wconf 79' lang='lat' dir='ltr'>turpest&#39;.</span> <span class='ocrx_word' id='word_1_132' title='bbox 1014 1199 1144 1240; x_wconf 86' lang='lat' dir='ltr'>ferme</span> <span class='ocrx_word' id='word_1_133' title='bbox 1158 1197 1302 1238; x_wconf 83' lang='lat' dir='ltr'>eadem</span> <span class='ocrx_word' id='word_1_134' title='bbox 1317 1195 1469 1244; x_wconf 76' lang='lat' dir='ltr'>omnia,</span> 
     </span>
    </p>

    <p class='ocr_par' dir='ltr' id='par_1_27' title="bbox 304 1262 1274 1315">
     <span class='ocr_line' id='line_1_32' title="bbox 304 1262 1274 1315; baseline -0.004 -11"><span class='ocrx_word' id='word_1_135' title='bbox 304 1262 424 1315; x_wconf 75' lang='lat' dir='ltr'>Quae</span> <span class='ocrx_word' id='word_1_136' title='bbox 448 1263 534 1303; x_wconf 75' lang='lat' dir='ltr'>tute</span> <span class='ocrx_word' id='word_1_137' title='bbox 561 1263 718 1303; x_wconf 83' lang='lat' dir='ltr'>dudum</span> <span class='ocrx_word' id='word_1_138' title='bbox 743 1263 880 1304; x_wconf 79' lang='lat' dir='ltr'>coram</span> <span class='ocrx_word' id='word_1_139' title='bbox 905 1277 971 1303; x_wconf 89' lang='lat' dir='ltr'>me</span> <span class='ocrx_word' id='word_1_140' title='bbox 995 1262 1274 1303; x_wconf 64' lang='lat' dir='ltr'>incuseiueras.</span> 
     </span>
    </p>

    <p class='ocr_par' dir='ltr' id='par_1_28' title="bbox 304 1320 1561 1380">
     <span class='ocr_line' id='line_1_33' title="bbox 304 1320 1561 1380; baseline -0.002 -14"><span class='ocrx_word' id='word_1_141' title='bbox 304 1325 414 1367; x_wconf 74' lang='lat' dir='ltr'>Satis</span> <span class='ocrx_word' id='word_1_142' title='bbox 439 1325 618 1380; x_wconf 83' lang='lat' dir='ltr'>superbe</span> <span class='ocrx_word' id='word_1_143' title='bbox 637 1325 820 1366; x_wconf 78' lang='lat' dir='ltr'>inluditis</span> <span class='ocrx_word' id='word_1_144' title='bbox 839 1340 916 1367; x_wconf 89' lang='lat' dir='ltr'>me.</span> <span class='ocrx_word' id='word_1_145' title='bbox 957 1324 1037 1365; x_wconf 68' lang='lat' dir='ltr'>DE.</span> <span class='ocrx_word' id='word_1_146' title='bbox 1060 1323 1168 1376; x_wconf 76' lang='lat' dir='ltr'>Qui?</span> <span class='ocrx_word' id='word_1_147' title='bbox 1204 1322 1282 1363; x_wconf 82' lang='grc' dir='ltr'>ΡΗ.</span> <span class='ocrx_word' id='word_1_148' title='bbox 1303 1320 1471 1375; x_wconf 82' lang='lat' dir='ltr'>Rogas?</span> <span class='ocrx_word' id='word_1_149' title='bbox 1494 1329 1561 1364; x_wconf 81' lang='lat'>915</span> 
     </span>
    </p>

    <p class='ocr_par' dir='ltr' id='par_1_29' title="bbox 306 1385 1384 1442">
     <span class='ocr_line' id='line_1_34' title="bbox 306 1385 1384 1442; baseline -0.002 -14"><span class='ocrx_word' id='word_1_150' title='bbox 306 1388 417 1440; x_wconf 76' lang='lat' dir='ltr'>Quia</span> <span class='ocrx_word' id='word_1_151' title='bbox 440 1403 492 1428; x_wconf 92' lang='lat' dir='ltr'>ne</span> <span class='ocrx_word' id='word_1_152' title='bbox 517 1388 689 1428; x_wconf 59' lang='lat' dir='ltr'>alteram</span> <span class='ocrx_word' id='word_1_153' title='bbox 714 1387 882 1441; x_wconf 83' lang='lat' dir='ltr'>quidem</span> <span class='ocrx_word' id='word_1_154' title='bbox 906 1388 1019 1428; x_wconf 83' lang='lat' dir='ltr'>illam</span> <span class='ocrx_word' id='word_1_155' title='bbox 1044 1394 1187 1442; x_wconf 89' lang='lat' dir='ltr'>potero</span> <span class='ocrx_word' id='word_1_156' title='bbox 1215 1385 1384 1432; x_wconf 67' lang='grc' dir='ltr'>ἀήθει-ες</span> 
     </span>
    </p>

    <p class='ocr_par' dir='ltr' id='par_1_30' title="bbox 305 1445 1471 1504">
     <span class='ocr_line' id='line_1_35' title="bbox 305 1445 1471 1504; baseline -0.005 -13"><span class='ocrx_word' id='word_1_157' title='bbox 305 1451 414 1492; x_wconf 83' lang='lat' dir='ltr'>Nam</span> <span class='ocrx_word' id='word_1_158' title='bbox 432 1451 514 1504; x_wconf 77' lang='lat' dir='ltr'>quo</span> <span class='ocrx_word' id='word_1_159' title='bbox 540 1450 683 1491; x_wconf 83' lang='lat' dir='ltr'>redibo</span> <span class='ocrx_word' id='word_1_160' title='bbox 709 1465 778 1491; x_wconf 89' lang='lat' dir='ltr'>ore</span> <span class='ocrx_word' id='word_1_161' title='bbox 798 1450 851 1490; x_wconf 62' lang='lat' dir='ltr'>fid</span> <span class='ocrx_word' id='word_1_162' title='bbox 872 1465 963 1491; x_wconf 84' lang='lat' dir='ltr'>eam</span> <span class='ocrx_word' id='word_1_163' title='bbox 984 1464 1109 1503; x_wconf 82' lang='lat' dir='ltr'>quam</span> <span class='ocrx_word' id='word_1_164' title='bbox 1129 1445 1471 1501; x_wconf 75' lang='lat' dir='ltr'>contempserim?</span> 
     </span>
    </p>

    <p class='ocr_par' dir='ltr' id='par_1_31' title="bbox 305 1500 1472 1567">
     <span class='ocr_line' id='line_1_36' title="bbox 305 1500 1472 1567; baseline -0.003 -14"><span class='ocrx_word' id='word_1_165' title='bbox 305 1514 433 1553; x_wconf 89' lang='lat' dir='ltr'>‘Tum</span> <span class='ocrx_word' id='word_1_166' title='bbox 460 1520 597 1554; x_wconf 84' lang='lat' dir='ltr'>autem</span> <span class='ocrx_word' id='word_1_167' title='bbox 622 1500 912 1567; x_wconf 67' lang='lat' dir='ltr'>Antiphonem</span> <span class='ocrx_word' id='word_1_168' title='bbox 936 1512 1058 1553; x_wconf 79' lang='lat' dir='ltr'>uideo</span> <span class='ocrx_word' id='word_1_169' title='bbox 1089 1512 1142 1552; x_wconf 85' lang='lat' dir='ltr'>ab</span> <span class='ocrx_word' id='word_1_170' title='bbox 1169 1525 1259 1551; x_wconf 90' lang='lat' dir='ltr'>sese</span> <span class='ocrx_word' id='word_1_171' title='bbox 1285 1510 1472 1550; x_wconf 80' lang='lat' dir='ltr'>amittere</span> 
     </span>
    </p>

    <p class='ocr_par' dir='ltr' id='par_1_32' title="bbox 304 1571 1472 1628">
     <span class='ocr_line' id='line_1_37' title="bbox 304 1571 1472 1628; baseline -0.004 -12"><span class='ocrx_word' id='word_1_172' title='bbox 304 1576 490 1617; x_wconf 81' lang='lat' dir='ltr'>Inuitum</span> <span class='ocrx_word' id='word_1_173' title='bbox 509 1575 616 1616; x_wconf 84' lang='lat' dir='ltr'>eam&#39;</span> <span class='ocrx_word' id='word_1_174' title='bbox 638 1575 776 1628; x_wconf 87' lang='lat' dir='ltr'>inque.</span> <span class='ocrx_word' id='word_1_175' title='bbox 812 1574 894 1614; x_wconf 73' lang='lat' dir='ltr'>DE.</span> <span class='ocrx_word' id='word_1_176' title='bbox 909 1574 1020 1615; x_wconf 90' lang='lat' dir='ltr'>Tum</span> <span class='ocrx_word' id='word_1_177' title='bbox 1040 1575 1177 1615; x_wconf 79' lang='lat' dir='ltr'>autem</span> <span class='ocrx_word' id='word_1_178' title='bbox 1196 1572 1318 1614; x_wconf 89' lang='lat' dir='ltr'>uideo</span> <span class='ocrx_word' id='word_1_179' title='bbox 1338 1571 1472 1612; x_wconf 76' lang='lat' dir='ltr'>filium</span> 
     </span>
    </p>

    <p class='ocr_par' dir='ltr' id='par_1_33' title="bbox 307 1636 1564 1679">
     <span class='ocr_line' id='line_1_38' title="bbox 307 1636 1564 1679; baseline -0.001 0"><span class='ocrx_word' id='word_1_180' title='bbox 307 1639 490 1679; x_wconf 83' lang='lat' dir='ltr'>Inuitum</span> <span class='ocrx_word' id='word_1_181' title='bbox 515 1652 612 1678; x_wconf 81' lang='lat' dir='ltr'>sane</span> <span class='ocrx_word' id='word_1_182' title='bbox 636 1637 850 1678; x_wconf 78' lang='lat' dir='ltr'>mulierem</span> <span class='ocrx_word' id='word_1_183' title='bbox 876 1636 929 1677; x_wconf 84' lang='lat' dir='ltr'>ab</span> <span class='ocrx_word' id='word_1_184' title='bbox 956 1652 998 1678; x_wconf 89' lang='lat' dir='ltr'>se</span> <span class='ocrx_word' id='word_1_185' title='bbox 1023 1638 1224 1678; x_wconf 84' lang='lat' dir='ltr'>amittere.</span> <span class='ocrx_word' id='word_1_186' title='bbox 1496 1643 1564 1678; x_wconf 86' lang='grc'>920</span> 
     </span>
    </p>

    <p class='ocr_par' dir='ltr' id='par_1_34' title="bbox 308 1697 1328 1752">
     <span class='ocr_line' id='line_1_39' title="bbox 308 1697 1328 1752; baseline -0.003 -11"><span class='ocrx_word' id='word_1_187' title='bbox 308 1701 392 1743; x_wconf 85' lang='lat' dir='ltr'>Sed</span> <span class='ocrx_word' id='word_1_188' title='bbox 417 1699 544 1740; x_wconf 63' lang='lat' dir='ltr'>trfinsi</span> <span class='ocrx_word' id='word_1_189' title='bbox 569 1699 689 1740; x_wconf 89' lang='lat' dir='ltr'>sodes</span> <span class='ocrx_word' id='word_1_190' title='bbox 714 1699 767 1739; x_wconf 64' lang='lat' dir='ltr'>{id</span> <span class='ocrx_word' id='word_1_191' title='bbox 792 1699 927 1740; x_wconf 86' lang='lat' dir='ltr'>forum</span> <span class='ocrx_word' id='word_1_192' title='bbox 952 1706 1076 1752; x_wconf 84' lang='lat' dir='ltr'>atque</span> <span class='ocrx_word' id='word_1_193' title='bbox 1101 1698 1203 1739; x_wconf 79' lang='lat' dir='ltr'>illud</span> <span class='ocrx_word' id='word_1_194' title='bbox 1228 1697 1328 1738; x_wconf 85' lang='lat' dir='ltr'>mihi</span> 
     </span>
    </p>

    <p class='ocr_par' dir='ltr' id='par_1_35' title="bbox 308 1760 1302 1818">
     <span class='ocr_line' id='line_1_40' title="bbox 308 1760 1302 1818; baseline -0.005 -14"><span class='ocrx_word' id='word_1_195' title='bbox 308 1764 543 1818; x_wconf 69' lang='lat' dir='ltr'>Argentum</span> <span class='ocrx_word' id='word_1_196' title='bbox 569 1777 732 1803; x_wconf 89' lang='lat' dir='ltr'>rursum</span> <span class='ocrx_word' id='word_1_197' title='bbox 758 1761 854 1802; x_wconf 79' lang='lat' dir='ltr'>iube</span> <span class='ocrx_word' id='word_1_198' title='bbox 879 1762 1062 1810; x_wconf 82' lang='lat' dir='ltr'>rescribi,</span> <span class='ocrx_word' id='word_1_199' title='bbox 1090 1760 1302 1802; x_wconf 75' lang='lat' dir='ltr'>Phormio.</span> 
     </span>
    </p>

    <p class='ocr_par' dir='ltr' id='par_1_36' title="bbox 303 1821 1404 1879">
     <span class='ocr_line' id='line_1_41' title="bbox 303 1821 1404 1879; baseline -0.004 -13"><span class='ocrx_word' id='word_1_200' title='bbox 303 1825 482 1877; x_wconf 76' lang='lat' dir='ltr'>Quodne</span> <span class='ocrx_word' id='word_1_201' title='bbox 508 1826 586 1879; x_wconf 70' lang='lat' dir='ltr'>ego</span> <span class='ocrx_word' id='word_1_202' title='bbox 613 1824 799 1878; x_wconf 82' lang='lat' dir='ltr'>discripsi</span> <span class='ocrx_word' id='word_1_203' title='bbox 828 1825 946 1878; x_wconf 78' lang='lat' dir='ltr'>porro</span> <span class='ocrx_word' id='word_1_204' title='bbox 972 1824 1051 1864; x_wconf 84' lang='lat' dir='ltr'>illis</span> <span class='ocrx_word' id='word_1_205' title='bbox 1077 1823 1228 1877; x_wconf 89' lang='lat' dir='ltr'>quibus</span> <span class='ocrx_word' id='word_1_206' title='bbox 1255 1821 1404 1862; x_wconf 74' lang='lat' dir='ltr'>de&#39;bui?</span> 
     </span>
    </p>
   </div>
   <div class='ocr_carea' id='block_1_15' title="bbox 305 1948 1564 2253">
    <p class='ocr_par' dir='ltr' id='par_1_37' title="bbox 305 1948 1564 2128">
     <span class='ocr_line' id='line_1_42' title="bbox 307 1948 1564 2004; baseline -0.003 -13"><span class='ocrx_word' id='word_1_207' title='bbox 307 1951 446 2002; x_wconf 78' lang='lat' dir='ltr'>Quam</span> <span class='ocrx_word' id='word_1_208' title='bbox 473 1949 742 2004; x_wconf 80' lang='lat' dir='ltr'>despondisti,</span> <span class='ocrx_word' id='word_1_209' title='bbox 768 1949 936 1997; x_wconf 74' lang='lat' dir='ltr'>ducar113</span> <span class='ocrx_word' id='word_1_210' title='bbox 965 1949 1027 1989; x_wconf 90' lang='lat' dir='ltr'>sin</span> <span class='ocrx_word' id='word_1_211' title='bbox 1053 1957 1113 1989; x_wconf 91' lang='lat' dir='ltr'>est</span> <span class='ocrx_word' id='word_1_212' title='bbox 1136 1949 1182 1988; x_wconf 78' lang='lat' dir='ltr'>ut</span> <span class='ocrx_word' id='word_1_213' title='bbox 1206 1948 1309 1989; x_wconf 81' lang='lat' dir='ltr'>uelis</span> <span class='ocrx_word' id='word_1_214' title='bbox 1497 1956 1564 1991; x_wconf 82' lang='lat'>925</span> 
     </span>
     <span class='ocr_line' id='line_1_43' title="bbox 305 2009 1471 2066; baseline -0.004 -12"><span class='ocrx_word' id='word_1_215' title='bbox 305 2014 480 2054; x_wconf 87' lang='lat' dir='ltr'>Mane&#39;re</span> <span class='ocrx_word' id='word_1_216' title='bbox 506 2012 617 2053; x_wconf 86' lang='lat' dir='ltr'>illam</span> <span class='ocrx_word' id='word_1_217' title='bbox 644 2012 754 2066; x_wconf 85' lang='lat' dir='ltr'>apud</span> <span class='ocrx_word' id='word_1_218' title='bbox 779 2019 831 2061; x_wconf 85' lang='lat' dir='ltr'>te,</span> <span class='ocrx_word' id='word_1_219' title='bbox 859 2012 930 2052; x_wconf 77' lang='lat' dir='ltr'>dos</span> <span class='ocrx_word' id='word_1_220' title='bbox 956 2011 1022 2053; x_wconf 89' lang='lat' dir='ltr'>hic</span> <span class='ocrx_word' id='word_1_221' title='bbox 1041 2018 1219 2059; x_wconf 81' lang='lat' dir='ltr'>maneat,</span> <span class='ocrx_word' id='word_1_222' title='bbox 1246 2009 1471 2064; x_wconf 74' lang='lat' dir='ltr'>Demipho.</span> 
     </span>
     <span class='ocr_line' id='line_1_44' title="bbox 306 2072 1366 2128; baseline -0.004 -11"><span class='ocrx_word' id='word_1_223' title='bbox 306 2076 416 2117; x_wconf 82' lang='lat' dir='ltr'>Nam</span> <span class='ocrx_word' id='word_1_224' title='bbox 440 2077 523 2116; x_wconf 78' lang='lat' dir='ltr'>non</span> <span class='ocrx_word' id='word_1_225' title='bbox 549 2082 608 2116; x_wconf 88' lang='lat' dir='ltr'>est</span> <span class='ocrx_word' id='word_1_226' title='bbox 634 2088 810 2127; x_wconf 81' lang='lat' dir='ltr'>aequom</span> <span class='ocrx_word' id='word_1_227' title='bbox 836 2075 902 2114; x_wconf 78' lang='lat' dir='ltr'>me</span> <span class='ocrx_word' id='word_1_228' title='bbox 927 2082 1094 2128; x_wconf 87' lang='lat' dir='ltr'>propter</span> <span class='ocrx_word' id='word_1_229' title='bbox 1118 2088 1193 2114; x_wconf 90' lang='lat' dir='ltr'>uos</span> <span class='ocrx_word' id='word_1_230' title='bbox 1219 2072 1366 2127; x_wconf 77' lang='lat' dir='ltr'>decipi,</span> 
     </span>
    </p>

    <p class='ocr_par' dir='ltr' id='par_1_38' title="bbox 308 2136 1473 2253">
     <span class='ocr_line' id='line_1_45' title="bbox 309 2136 1473 2193; baseline -0.003 -14"><span class='ocrx_word' id='word_1_231' title='bbox 309 2138 449 2190; x_wconf 80' lang='lat' dir='ltr'>Quom</span> <span class='ocrx_word' id='word_1_232' title='bbox 477 2152 553 2193; x_wconf 80' lang='lat' dir='ltr'>ego</span> <span class='ocrx_word' id='word_1_233' title='bbox 579 2137 705 2177; x_wconf 76' lang='lat' dir='ltr'>uostri</span> <span class='ocrx_word' id='word_1_234' title='bbox 730 2136 896 2177; x_wconf 89' lang='lat' dir='ltr'>honoris</span> <span class='ocrx_word' id='word_1_235' title='bbox 923 2138 1047 2177; x_wconf 76' lang='lat' dir='ltr'>causa</span> <span class='ocrx_word' id='word_1_236' title='bbox 1076 2136 1295 2190; x_wconf 88' lang='lat' dir='ltr'>repudium</span> <span class='ocrx_word' id='word_1_237' title='bbox 1320 2136 1473 2176; x_wconf 50' lang='lat' dir='ltr'>&amp;lterae</span> 
     </span>
     <span class='ocr_line' id='line_1_46' title="bbox 308 2199 1263 2253; baseline -0.003 -12"><span class='ocrx_word' id='word_1_238' title='bbox 308 2201 566 2249; x_wconf 81' lang='lat' dir='ltr'>Remiserim,</span> <span class='ocrx_word' id='word_1_239' title='bbox 593 2213 699 2253; x_wconf 80' lang='lat' dir='ltr'>quae</span> <span class='ocrx_word' id='word_1_240' title='bbox 725 2199 828 2239; x_wconf 78' lang='lat' dir='ltr'>dotis</span> <span class='ocrx_word' id='word_1_241' title='bbox 854 2199 1098 2240; x_wconf 77' lang='lat' dir='ltr'>tantundem</span> <span class='ocrx_word' id='word_1_242' title='bbox 1125 2199 1263 2239; x_wconf 73' lang='lat' dir='ltr'>dabat.</span> 
     </span>
    </p>
   </div>
   <div class='ocr_carea' id='block_1_16' title="bbox 270 2260 1564 2315">
    <p class='ocr_par' dir='ltr' id='par_1_39' title="bbox 270 2260 1564 2315">
     <span class='ocr_line' id='line_1_47' title="bbox 270 2260 1564 2315; baseline -0.003 -11"><span class='ocrx_word' id='word_1_243' title='bbox 270 2297 277 2305; x_wconf 90' lang='lat'><em>.</em></span> <span class='ocrx_word' id='word_1_244' title='bbox 310 2263 371 2304; x_wconf 85' lang='lat' dir='ltr'>In&#39;</span> <span class='ocrx_word' id='word_1_245' title='bbox 397 2264 438 2303; x_wconf 85' lang='lat'>1¹11</span> <span class='ocrx_word' id='word_1_246' title='bbox 464 2263 615 2303; x_wconf 82' lang='lat' dir='ltr'>malam</span> <span class='ocrx_word' id='word_1_247' title='bbox 640 2277 727 2303; x_wconf 86' lang='lat' dir='ltr'>rem</span> <span class='ocrx_word' id='word_1_248' title='bbox 752 2261 847 2303; x_wconf 89' lang='lat' dir='ltr'>hinc</span> <span class='ocrx_word' id='word_1_249' title='bbox 872 2276 967 2302; x_wconf 87' lang='lat' dir='ltr'>cum</span> <span class='ocrx_word' id='word_1_250' title='bbox 991 2263 1094 2302; x_wconf 76' lang='lat' dir='ltr'>istac</span> <span class='ocrx_word' id='word_1_251' title='bbox 1118 2260 1438 2315; x_wconf 77' lang='lat' dir='ltr'>magnificentia,</span> <span class='ocrx_word' id='word_1_252' title='bbox 1497 2270 1564 2305; x_wconf 85' lang='lat'>930</span> 
     </span>
    </p>
   </div>
   <div class='ocr_carea' id='block_1_17' title="bbox 310 2324 1474 2678">
    <p class='ocr_par' dir='ltr' id='par_1_40' title="bbox 310 2324 1299 2380">
     <span class='ocr_line' id='line_1_48' title="bbox 310 2324 1299 2380; baseline -0.003 -14"><span class='ocrx_word' id='word_1_253' title='bbox 310 2325 531 2380; x_wconf 80' lang='lat' dir='ltr'>Fugitiue?</span> <span class='ocrx_word' id='word_1_254' title='bbox 564 2325 686 2366; x_wconf 85' lang='lat' dir='ltr'>etiam</span> <span class='ocrx_word' id='word_1_255' title='bbox 713 2340 824 2365; x_wconf 91' lang='lat' dir='ltr'>nunc</span> <span class='ocrx_word' id='word_1_256' title='bbox 849 2324 981 2365; x_wconf 79' lang='lat' dir='ltr'>credis</span> <span class='ocrx_word' id='word_1_257' title='bbox 1008 2332 1046 2366; x_wconf 89' lang='lat' dir='ltr'>te</span> <span class='ocrx_word' id='word_1_258' title='bbox 1071 2324 1299 2379; x_wconf 63' lang='lat' dir='ltr'>ignorzirier</span> 
     </span>
    </p>

    <p class='ocr_par' dir='ltr' id='par_1_41' title="bbox 310 2385 1474 2498">
     <span class='ocr_line' id='line_1_49' title="bbox 310 2385 1474 2429; baseline -0.002 -1"><span class='ocrx_word' id='word_1_259' title='bbox 310 2389 399 2429; x_wconf 84' lang='lat' dir='ltr'>Aut</span> <span class='ocrx_word' id='word_1_260' title='bbox 423 2389 494 2429; x_wconf 81' lang='lat' dir='ltr'>tua</span> <span class='ocrx_word' id='word_1_261' title='bbox 518 2388 627 2428; x_wconf 84' lang='lat' dir='ltr'>facta</span> <span class='ocrx_word' id='word_1_262' title='bbox 649 2387 779 2428; x_wconf 80' lang='lat' dir='ltr'>adeo?</span> <span class='ocrx_word' id='word_1_263' title='bbox 814 2386 893 2427; x_wconf 86' lang='grc' dir='ltr'>ΡΗ.</span> <span class='ocrx_word' id='word_1_264' title='bbox 914 2386 1082 2428; x_wconf 75' lang='lat' dir='ltr'>Inritor!</span> <span class='ocrx_word' id='word_1_265' title='bbox 1119 2386 1201 2427; x_wconf 75' lang='lat' dir='ltr'>DE.</span> <span class='ocrx_word' id='word_1_266' title='bbox 1221 2386 1342 2427; x_wconf 82' lang='lat' dir='ltr'>Tune</span> <span class='ocrx_word' id='word_1_267' title='bbox 1367 2385 1474 2427; x_wconf 85' lang='lat' dir='ltr'>hanc</span> 
     </span>
     <span class='ocr_line' id='line_1_50' title="bbox 757 2449 943 2498; baseline 0.005 -9"><span class='ocrx_word' id='word_1_268' title='bbox 757 2449 943 2498; x_wconf 77' lang='lat' dir='ltr'>duceres,</span> 
     </span>
    </p>

    <p class='ocr_par' dir='ltr' id='par_1_42' title="bbox 312 2510 1473 2566">
     <span class='ocr_line' id='line_1_51' title="bbox 312 2510 1473 2566; baseline -0.003 -12"><span class='ocrx_word' id='word_1_269' title='bbox 312 2512 357 2554; x_wconf 86' lang='lat' dir='ltr'>Si</span> <span class='ocrx_word' id='word_1_270' title='bbox 383 2512 457 2553; x_wconf 85' lang='lat' dir='ltr'>tibi</span> <span class='ocrx_word' id='word_1_271' title='bbox 482 2512 671 2553; x_wconf 75' lang='lat' dir='ltr'>daretur?</span> <span class='ocrx_word' id='word_1_272' title='bbox 706 2512 784 2552; x_wconf 81' lang='grc' dir='ltr'>ΡΗ.</span> <span class='ocrx_word' id='word_1_273' title='bbox 812 2512 900 2553; x_wconf 65' lang='grc' dir='ltr'>Ὲέο</span> <span class='ocrx_word' id='word_1_274' title='bbox 924 2511 1136 2566; x_wconf 88' lang='lat' dir='ltr'>periclum.</span> <span class='ocrx_word' id='word_1_275' title='bbox 1171 2510 1253 2551; x_wconf 77' lang='lat' dir='ltr'>DE.</span> <span class='ocrx_word' id='word_1_276' title='bbox 1279 2511 1338 2552; x_wconf 91' lang='lat' dir='ltr'>Vt</span> <span class='ocrx_word' id='word_1_277' title='bbox 1363 2511 1473 2551; x_wconf 83' lang='lat' dir='ltr'>filius</span> 
     </span>
    </p>

    <p class='ocr_par' dir='ltr' id='par_1_43' title="bbox 312 2574 1473 2678">
     <span class='ocr_line' id='line_1_52' title="bbox 312 2574 1473 2628; baseline -0.001 -13"><span class='ocrx_word' id='word_1_278' title='bbox 312 2574 421 2616; x_wconf 90' lang='lat' dir='ltr'>Cum</span> <span class='ocrx_word' id='word_1_279' title='bbox 445 2575 514 2616; x_wconf 85' lang='lat' dir='ltr'>illa</span> <span class='ocrx_word' id='word_1_280' title='bbox 538 2574 695 2616; x_wconf 66' lang='lat' dir='ltr'>haibitet</span> <span class='ocrx_word' id='word_1_281' title='bbox 723 2575 835 2628; x_wconf 81' lang='lat' dir='ltr'>apud</span> <span class='ocrx_word' id='word_1_282' title='bbox 860 2582 917 2616; x_wconf 85' lang='lat' dir='ltr'>te:</span> <span class='ocrx_word' id='word_1_283' title='bbox 946 2574 1023 2615; x_wconf 91' lang='lat' dir='ltr'>hoc</span> <span class='ocrx_word' id='word_1_284' title='bbox 1047 2574 1231 2614; x_wconf 80' lang='lat' dir='ltr'>nostrum</span> <span class='ocrx_word' id='word_1_285' title='bbox 1257 2574 1473 2615; x_wconf 79' lang='lat' dir='ltr'>consilium</span> 
     </span>
     <span class='ocr_line' id='line_1_53' title="bbox 759 2636 848 2678; baseline 0.011 -1"><span class='ocrx_word' id='word_1_286' title='bbox 759 2636 848 2678; x_wconf 83' lang='lat' dir='ltr'>fuit.</span> 
     </span>
    </p>
   </div>
  </div>
 </body>
</html>
