1700 2984
88 142 158 187 111,
173 142 196 178 4

105 234 138 261 85

158 345 236 389 Gn.

101 537 107 543 ”
155 532 237 574 ΒΕ.

102 668 137 693 40

100 1100 134 1126 45

99 1537 132 1562 50

98 1849 132 1875 55
150 1838 232 1878 ΗΕ.

100 2162 132 2186 60
150 2148 232 2190 DE.

152 2212 234 2252 ΗΕ.

151 2336 233 2377 ΒΕ.

99 2600 132 2627 65

665 139 938 176 ADELPHOE
1360 125 1439 167 257

267 223 415 276 Neque
441 223 568 263 iners:
595 222 666 263 alit
690 222 795 271 illas,
821 221 930 262 so'lus
956 234 1122 261 omnem
1148 217 1347 258 familiam

273 283 507 327 Sustentat:
534 285 644 326 hunc
670 284 842 332 abduce,
869 282 994 331 uinci,
1021 282 1173 336 quae're
1197 295 1298 322 rem.

267 347 402 388 Immo
441 346 578 389 he'rcle
621 354 840 400 extorque,
883 346 959 386 nisi
997 345 1053 385 ita
1095 343 1309 389 factumst,
1351 339 1439 380 De-

715 423 821 449 mea.

267 471 487 512 Postre'mo
512 486 594 512 non
620 471 809 527 negabit:
837 485 976 512 coram
1000 470 1135 524 ipsum
1161 467 1274 509 cedo.

268 533 425 574 Pudet:
457 548 534 574 neo
564 533 664 586 quid
695 548 818 588 agam
849 534 976 588 neque
1007 531 1107 585 quid
1138 530 1234 571 huic
1269 529 1437 583 respon—
1461 529 1528 564 485

716 596 851 637 deam'

267 655 375 698 Scio.
425 657 536 708 (ΡΑ.)
561 657 762 698 Miseram
788 672 868 706 me,
893 656 1061 698 differor
1086 652 1312 695 dolen-ibus!

265 718 373 760 Iuno
399 718 576 768 Lucina,
608 719 670 760 fer
695 719 835 774 opem!
867 734 987 760 serua
1017 732 1082 759 me
1112 715 1298 758 obsecro!
1353 715 1435 755 Hm.

715 782 840 830 Hem,

265 842 378 883 Num
403 858 499 883 nam
522 843 593 884 illa
612 857 766 897 quaeso
785 842 984 897 parturit?
1017 840 1094 883 Gn.
1115 839 1254 888 Certe,
1282 838 1433 893 Hegio.

715 905 796 945 Hm.
825 905 920 951 Em,

266 966 391 1006 Illaec
417 966 540 1007 fidem
565 981 676 1008 nunc
700 968 885 1007 uostram
910 965 1101 1020 inplorat,
1132 963 1314 1004 Demea:

266 1027 392 1078 Quod
418 1029 490 1068 uos
514 1028 579 1069 ius
605 1028 728 1083 cogit,
754 1029 796 1068 id
821 1028 1035 1068 uoluntate
1059 1028 1264 1080 impetret.
1459 1033 1526 1068 490

266 1090 383 1131 Haec
425 1091 604 1144 primum
645 1099 691 1131 ut
733 1090 832 1130 fiant
874 1090 973 1130 deos
1016 1101 1191 1142 quaes0,
1234 1094 1279 1127 ut
1315 1085 1434 1126 uobis

715 1152 843 1194 decet.

266 1213 342 1255 Sin
367 1214 485 1256 {iliter
510 1215 671 1256 animus
698 1216 838 1256 uoster
865 1221 938 1263 est,
965 1228 1057 1268 ego,
1082 1212 1260 1260 Demea,

266 1276 442 1319 Summa
488 1277 530 1318 ui
578 1278 799 1319 defendam
848 1277 954 1318 hane
996 1283 1120 1329 atque
1163 1274 1280 1315 illum
1327 1272 1434 1313 mor-

715 1348 841 1380 tuom.

266 1400 484 1456 Cognatus
511 1401 610 1442 mihi
636 1410 741 1451 erat3
768 1403 851 1443 una
875 1418 900 1443 a
924 1401 1063 1456 pueris
1088 1399 1269 1454 paruolis

265 1463 420 1505 Sumus
446 1463 603 1513 educti3
629 1479 713 1505 una
738 1466 900 1519 semper
926 1463 1095 1504 militiae
1121 1463 1160 1502 et
1185 1460 1297 1502 domi
1456 1470 1523 1504 495

262 1527 456 1575 Fuimus3
481 1534 768 1581 paupertatem
794 1528 876 1567 una
902 1525 1145 1581 pertulimus
1170 1538 1356 1578 grauem.

265 1588 530 1644 Quapropter
554 1590 673 1638 nitar,
700 1590 864 1638 faciam,
890 1588 1091 1643 experiar,
1118 1586 1298 1639 denique

263 1651 463 1693 Animam
487 1652 718 1706 relinquam
744 1653 881 1707 potius
907 1666 1032 1705 quam
1057 1650 1147 1690 illas
1173 1649 1373 1689 deseram.

264 1712 378 1766 Quid
410 1714 510 1754 mihi
541 1715 791 1769 respondes?
838 1713 918 1754 Dn.
950 1714 1141 1754 Fratrem
1171 1709 1429 1758 conueniam,

711 1777 865 1831 Hegio.

261 1837 359 1886 Sed,
386 1839 562 1887 Demea,
588 1839 666 1880 hoc
691 1847 735 1880 tu
760 1839 884 1880 facito
911 1853 1004 1879 cum
1029 1837 1165 1878 animo
1191 1834 1367 1889 cogites:
1454 1849 1521 1884 500

263 1900 403 1952 Quam
431 1901 502 1941 uos
529 1902 738 1942 facillume
762 1902 898 1956 agitis,
924 1915 1049 1954 quam
1075 1898 1171 1940 estis
1197 1899 1391 1938 maxume

261 1962 461 2004 Potentes
488 1964 590 2005 dites
617 1965 812 2005 fortunati
837 1956 1007 2011 nobiles,

262 2024 368 2065 Tam
394 2028 588 2067 maxume
613 2040 688 2067 uos
714 2028 846 2079 ae'quo
872 2025 1009 2066 animo
1035 2038 1167 2076 aequa
1190 2022 1358 2063 noscere

265 2085 454 2141 Oportet,
480 2088 513 2128 si
539 2104 614 2129 uos
639 2089 759 2129 uoltis
785 2088 991 2143 perhiberi
1015 2087 1180 2141 probos.

263 2149 432 2191 Redito:
458 2151 557 2191 fient
582 2153 688 2204 quae
714 2152 802 2192 fieri
828 2157 1045 2204 aequomst
1069 2148 1219 2189 omnia.
1454 2162 1521 2196 505

262 2211 398 2253 Decet
422 2220 461 2253 te
486 2213 635 2254 facere.
697 2213 820 2262 Ge'ta,
852 2213 932 2253 duc
963 2227 1028 2252 me
1052 2212 1159 2251 intro
1190 2209 1243 2251 ad
1269 2209 1431 2250 Sostra-

709 2284 806 2316 tam.
832 2299 887 2304 —

260 2337 355 2378 Non
398 2352 464 2379 me
504 2338 710 2380 indicente
754 2339 856 2379 haee
898 2338 1022 2378 fiunt:
1071 2336 1230 2377 utinam
1270 2334 1338 2376 hic
1377 2335 1430 2375 sit

711 2401 834 2441 modo

262 2462 540 2503 Defunctum!
568 2479 714 2505 uerum
740 2463 866 2504 nimia
890 2463 1008 2504 illaec
1033 2462 1199 2503 licentia

262 2525 457 2566 Profecto
483 2526 633 2567 euadet
656 2528 697 2566 in
724 2526 893 2579 aliquod
916 2525 1116 2580 magnum
1141 2523 1308 2564 malum.

263 2587 340 2628 Ibo
370 2589 419 2628 ae
449 2589 654 2642 requiram
693 2588 877 2637 fratrem,
913 2595 959 2629 ut
994 2587 1036 2628 in
1073 2602 1168 2628 eum
1198 2585 1301 2628 haec
1331 2594 1430 2634 &uo-
1455 2596 1521 2631 510

712 2667 835 2694 mam.

221 2718 262 2745 Ta,
270 2718 372 2745 entius.
1162 2719 1204 2755 Γ(
