1726 2984
162 177 212 224 11,
230 179 261 214 6.
287 177 355 223 m,
374 178 393 213 1
765 174 962 211 ANDRIA
1452 164 1505 207 27

232 259 292 303 SI.
339 257 503 300 Laudd.
538 257 621 298 DA.
648 257 764 298 Dum
783 257 981 299 licitumst
1005 258 1044 298 e'i'
1068 256 1251 310 dumque
1270 257 1383 297 aetas
1402 256 1507 304 tulit,

342 320 517 362 Ametuit
524 336 534 369 3
560 328 648 361 tum
667 320 710 360 id
728 320 852 361 clam:
880 319 1003 369 cziuit,
1021 334 1073 360 ne
1093 333 1292 372 umquam
1311 318 1507 360 infamiae

342 383 407 424 Ea
431 384 496 423 res
521 382 600 423 sibi
625 390 744 431 esset,
769 383 816 423 ut
839 382 976 423 uirum
1000 382 1148 423 fortem
1173 381 1305 422 decet.
1532 383 1599 418 445

180 458 213 484 15
341 445 464 486 Nunc
488 445 617 486 uxore
636 459 739 500 opus
759 451 838 486 est:
864 444 1048 485 {inimum
1068 444 1120 484 ad
1140 458 1313 484 uxorem
1336 442 1508 498 adpulit.

231 507 290 550 SI.
340 507 559 549 Subtristis
584 507 698 548 uisus
724 508 786 548 est
811 521 901 548 esse
927 506 1185 560 aliquantum
1209 505 1322 546 mihi.

231 570 315 611 DA.
346 570 415 610 Nil
440 571 609 624 prdpter
627 570 734 610 hanc
758 585 858 618 rem,
885 570 958 610 sed
978 577 1039 610 est
1058 569 1171 622 quod
1190 569 1403 610 suscenset
1421 567 1509 608 tibi.

231 632 291 674 SI.
340 632 454 685 Quid
478 632 638 673 namst?
671 632 751 684 DA.
777 631 997 673 Puerilest.
1031 631 1089 674 Sx.
1116 630 1230 683 Quid
1249 633 1294 672 icl
1312 631 1397 672 est?
1426 630 1510 670 DA.

789 694 873 735 Nil.
913 693 971 735 SI.
1005 693 1119 746 Quin
1146 694 1224 743 dic,
1250 693 1350 747 quid
1374 692 1461 734 est?

230 757 314 798 DA.
346 757 422 798 Ait
452 756 625 797 nimium
660 771 784 812 parce
820 756 957 798 facere
989 765 1213 811 sumptum.
1262 755 1321 798 S1.
1359 755 1512 797 Mene?
1535 757 1604 792 450

790 818 873 861 DA.
906 819 981 860 Te.

180 894 212 918 20
345 882 465 924 ‘Vix'
491 882 624 935 inquit
650 880 904 922 ‘drachumis
931 883 993 922 est
1017 881 1266 922 obsonatum
1291 880 1456 922 decem:

343 944 439 985 Non
464 943 551 984 filio
576 943 742 984 uidetur
767 945 939 984 uxorem
965 943 1076 985 dare.

345 1005 502 1058 Quem'
527 1007 659 1060 inquit
685 1006 864 1047 ‘uocabo
896 1007 949 1047 ad
973 1008 1118 1047 cenam
1143 1020 1330 1048 meorum
1362 1006 1514 1059 aequa-

792 1069 908 1117 lium,

343 1131 628 1172 Potissumum
653 1130 806 1172 nunc?
837 1133 890 1179 et,
916 1131 1028 1185 quod
1052 1131 1274 1172 dicendum
1300 1130 1366 1171 hic
1392 1129 1482 1177 siet,

344 1193 411 1233 Tu
425 1194 591 1246 qudque
605 1208 817 1248 perparce,
834 1193 1026 1234 nimium:
1046 1208 1128 1234 non
1148 1193 1286 1234 laudc').
1315 1191 1373 1234 SI.
1389 1191 1514 1233 Tace.
1540 1199 1607 1234 455

181 1267 214 1292 25
233 1254 316 1296 DA.
351 1254 586 1296 Commdui.
631 1254 690 1297 Si.
724 1255 819 1311 Ego
844 1256 972 1297 istaec
996 1257 1106 1297 recte
1132 1263 1178 1296 ut.
1201 1255 1303 1296 fiant
1327 1254 1483 1295 uidero.

346 1317 460 1370 Quid
496 1333 593 1358 nam
625 1318 704 1359 hcc
736 1327 794 1359 est
826 1318 910 1359 rei?
946 1318 1047 1372 quid
1083 1318 1150 1360 hic
1185 1318 1273 1359 uolt
1309 1318 1517 1359 ueteratdr

796 1381 898 1421 sibi?

346 1443 455 1484 Nam
480 1443 513 1484 si
539 1443 605 1484 hic
629 1443 767 1484 malist
792 1443 1030 1497 quicquam,
1056 1445 1122 1484 em
1147 1443 1230 1484 illic
1256 1450 1317 1484 est
1343 1442 1439 1484 huic
1457 1443 1518 1483 rei

794 1514 931 1561 caput.

236 1630 414 1671 Mrsls
462 1629 598 1672 S1M0
645 1630 840 1673 DAvos
887 1630 1100 1672 LESBIA
1149 1630 1518 1683 (GLYCERIVM)

240 1702 411 1728 ANCILLA
469 1702 594 1729 sENEx
669 1703 816 1729 sfflzvos
886 1703 1103 1729 OBSTETRIX
1268 1703 1388 1730 viRGo

166 1755 332 1798 111,1MY.
347 1755 412 1795 Ita
435 1755 506 1809 pel
530 1755 698 1808 quidem
723 1771 788 1796 res
815 1763 888 1804 est,
913 1757 959 1796 ut
984 1756 1136 1804 dixisti,
1162 1756 1337 1796 Lesbia:

346 1817 534 1879 Fidelem
560 1817 672 1858 haud
696 1818 826 1859 ferme
851 1818 1013 1860 mulieri
1039 1819 1227 1860 inuenies
1252 1818 1402 1859 uirum.
1541 1828 1610 1863 460

236 1879 293 1922 Sx.
341 1879 413 1920 Ab
432 1880 634 1921 Andriast
660 1881 809 1921 ancilla
835 1880 962 1922 haec?
1008 1881 1085 1921 DA.
1115 1881 1231 1933 Quid
1256 1881 1423 1922 narrzis?
1460 1880 1516 1922 SI.

797 1943 914 1984 Itast.

235 2005 323 2046 MY.
351 2003 436 2046 Sed
462 2004 527 2046 hic
551 2004 798 2059 Pz'tmphilus
831 2004 889 2047 SI.
923 2004 1038 2057 Quid
1064 2005 1186 2046 dicit?
1222 2005 1311 2046 MY.
1338 2006 1519 2046 firmauit

796 2068 933 2109 fidem.
985 2067 1044 2110 S1.
1078 2069 1200 2109 Hem.

202 2142 217 2167 5
236 2129 319 2170 DA.
351 2129 522 2171 Vtinam
549 2130 619 2170 aut
645 2129 710 2171 hic
736 2130 885 2171 surdus
911 2131 982 2171 aut
1006 2130 1109 2172 haec
1133 2139 1249 2172 muta
1274 2131 1384 2172 fucta
1408 2130 1477 2171 sit!

235 2192 323 2233 MY.
349 2192 459 2233 Nam
478 2193 591 2245 qudd
616 2192 856 2247 peperisset,
883 2193 1000 2233 iussit
1024 2193 1123 2234 tolli.
1169 2193 1226 2235 SI.
1255 2192 1295 2234 O
1317 2194 1516 2249 Iuppiter,

349 2254 464 2307 Quid
501 2269 579 2310 ego
616 2255 765 2296 audio?
807 2263 1000 2305 actumst,
1038 2255 1243 2309 siquidem
1280 2256 1382 2297 haec
1419 2272 1518 2298 uera
1543 2268 1609 2302 465

794 2318 1017 2372 praedicat.

237 2378 314 2419 LE.
346 2379 513 2420 Bonum
537 2379 751 2434 ingenium
777 2395 919 2421 narras
938 2380 1226 2422 {adulescentis
1263 2381 1352 2422 MY.
1381 2367 1519 2436 Optu-

796 2458 924 2484 mum.

350 2503 436 2545 Sed
466 2505 637 2557 sequere
669 2520 734 2546 me
764 2505 884 2553 intro,
920 2520 971 2546 ne
1006 2507 1050 2545 in
1086 2520 1202 2546 mora
1232 2505 1289 2546 illi
1321 2507 1388 2547 sis.
1438 2506 1515 2547 Lm.

798 2567 972 2621 Sequor.
998 2592 1055 2597 —

186 2641 217 2668 ιο
237 2628 319 2669 ΒΑ.
352 2627 478 2684 Quod
508 2629 735 2670 remedium
768 2645 877 2671 nunc
908 2630 1003 2671 huic
1031 2631 1138 2671 malo
1169 2630 1405 2674 inueniam?
1455 2630 1515 2677 SI·

798 2691 913 2748 Quid
938 2693 1040 2736 hoo?
