1700 2984
195 118 248 160 76
514 128 756 164 HEAVTON
782 127 1148 164 TlMORVMENOS
1305 128 1375 173 111,
1391 129 1422 163 3.
1439 129 1505 173 1v,
1522 128 1543 163 1

198 209 269 251 SY.
306 209 512 251 Pessuma
548 210 649 258 haee
691 218 751 249 est
795 209 1004 249 meretrix.
1070 208 1147 251 CH.
1191 209 1257 250 Ita
1297 209 1474 250 uidetur.

760 269 832 312 ΞΥ.
864 270 998 312 Immo
1024 272 1058 312 si
1082 271 1200 312 scias.

106 336 173 370 600
309 335 416 383 Vah,
454 333 550 374 uide
585 333 697 387 quod
733 332 916 387 inceptat
950 333 1125 374 facinus.
1168 333 1246 374 fuit
1271 333 1476 387 quaedam

760 410 863 435 anus
890 393 1107 436 Corinthia

308 457 410 498 Hie:
448 457 545 498 huic
576 457 895 498 drachumarum
931 457 1034 498 haee
1070 457 1229 511 argenti
1264 456 1376 499 mille
1407 457 1478 498 de·
1496 468 1528 493 4ο

757 519 875 561 derat
898 519 1096 561 mutuom.

200 580 277 623 CH.
310 580 425 633 Quid
472 582 585 622 tum?
652 580 723 622 SY.
772 580 838 621 Ea
878 583 1095 622 mortuast:
1144 581 1307 635 reliquit
1348 578 1478 621 filiam

327 695 332 702 ‚
759 643 1124 686 adulescentulam.

309 705 374 746 Ea
392 705 535 746 relicta
554 705 650 747 huie
668 705 901 746 arrabonist
920 720 994 760 pro
1012 706 1082 747 sslo
1102 713 1286 761 argento.
1316 704 1392 746 Cn.
1411 705 1479 745 In-

760 768 924 823 tellego.

200 829 270 871 SY.
309 831 432 872 Hzine
457 845 598 871 secum
624 830 706 871 hue
731 830 916 879 adduxit,
942 846 991 872 ea
1014 845 1121 884 quae
1147 839 1208 872 est
1236 831 1344 871 nunc
1369 829 1481 884 apud

761 893 934 933 uxorem
959 900 1086 934 tuam.

107 959 173 993 605
200 953 276 996 CH.
310 954 424 1007 Quid
461 954 574 995 tum?
623 954 693 997 Sv.
732 953 912 995 Cliniam
944 955 1045 1001 orat,
1083 953 1161 995 sibi
1198 953 1257 994 uti
1293 953 1335 994 id
1370 955 1481 994 nune

760 1017 846 1058 det:
878 1016 992 1057 illam
1017 1016 1075 1056 illi
1100 1024 1239 1056 tamen

309 1079 413 1119 Post
450 1079 657 1120 daturam:
701 1079 813 1120 mille
849 1094 1067 1120 nummum
1104 1078 1249 1133 poscit.
1310 1076 1387 1119 Cn.
1426 1078 1482 1119 Et
1499 1089 1533 1114 45

758 1142 887 1196 possit
911 1141 1104 1195 quidem?
1153 1139 1223 1181 SY.
1266 1141 1363 1188 Hui,

310 1203 502 1244 Dubium
527 1204 569 1244 id
595 1204 681 1245 est?
716 1219 794 1259 ego
820 1205 879 1245 sic
903 1203 1062 1258 putaui.
1118 1202 1196 1244 Cn.
1234 1202 1347 1254 Quid
1372 1217 1483 1243 nunc

326 1317 332 1326 ,
760 1266 899 1308 faeere
925 1266 1108 1320 cogitas?

200 1327 271 1369 SY.
309 1328 482 1383 Egone?
524 1328 577 1369 ad
612 1328 913 1370 Menedemum
949 1328 1037 1369 ibo:
1076 1328 1212 1368 dicam
1251 1327 1357 1368 hane
1393 1328 1484 1368 esse

761 1398 925 1446 captam
951 1406 1002 1431 ex
1029 1389 1169 1438 Gziria,

311 1452 453 1493 Ditem
479 1460 519 1494 et
544 1452 726 1493 nobilem
736 1469 745 1502 3
777 1453 811 1493 si
836 1453 1025 1502 redimat,
1057 1454 1259 1507 maignum
1284 1452 1418 1493 inesse
1441 1451 1484 1492 in

763 1518 812 1557 eei
835 1516 1009 1557 lucrum.

110 1582 176 1616 610
201 1576 279 1619 Cn.
315 1566 455 1618 Erras.
505 1577 575 1621 SY.
617 1576 730 1628 Quid
755 1578 838 1618 ita?
876 1576 954 1619 Cn.
986 1577 1071 1618 Pro
1097 1577 1350 1618 Menedemo
1374 1577 1485 1618 nuno

763 1641 839 1681 tibi
863 1655 942 1695 ego
967 1639 1200 1694 respondeo

314 1703 429 1744 ‘Non
454 1702 584 1744 emo’:
612 1702 713 1756 quid
737 1703 853 1758 agis?
891 1702 961 1744 SY.
990 1701 1150 1757 Optata
1173 1703 1355 1756 loquere.
1405 1700 1482 1742 Cn.
1503 1714 1536 1739 50

767 1765 878 1817 Qui?
926 1764 996 1807 SY.
1027 1765 1123 1805 Non
1148 1765 1209 1805 est
1234 1779 1351 1819 opus.

203 1827 281 1869 CH.
313 1828 409 1868 Non
440 1842 544 1882 opus
575 1828 661 1869 est?
709 1827 778 1869 SY.
815 1827 912 1869 Non
942 1827 1080 1868 he'rele
1111 1842 1223 1868 uero.
1284 1825 1362 1867 CH.
1401 1826 1486 1878 Qui

764 1890 884 1939 istuc,
911 1890 1049 1930 miror.
1112 1888 1181 1931 SY.
1218 1889 1310 1930 Iaim
1337 1890 1454 1930 scies.

203 1951 281 1994 Cn.
313 1953 455 2001 Mane,
487 1968 622 2002 mane,
648 1952 750 2007 quid
775 1961 835 1993 est
861 1952 974 2006 quod
999 1960 1084 1993 tam
1109 1967 1134 1992 a
1157 1952 1276 1993 nobis
1301 1952 1485 2007 grauiter

764 2016 1015 2070 crepuerunt
1039 2015 1175 2056 fores?

219 2191 509 2233 Sos'rRATA
559 2190 818 2233 CHREMES
869 2189 1244 2245 [CANTHARAP]
1296 2190 1473 2232 SYRvs

297 2270 445 2295 MVLIER
626 2269 751 2294 SENEX
977 2268 1121 2293 NVTfflx
1310 2267 1456 2293 smwos

203 2327 274 2370 So.
313 2328 402 2368 Nisi
422 2343 487 2368 me
506 2327 669 2368 finimus
689 2327 807 2374 fallit,
832 2326 898 2367 hie
917 2326 1143 2381 profectost
1162 2326 1326 2375 ainulus,
1352 2339 1551 2380 que1111v,1

764 2404 842 2443 ego
868 2388 1067 2442 suspicor,

110 2469 176 2503 615
313 2452 355 2493 Is
381 2454 549 2505 quicum
575 2451 800 2506 expositast
825 2453 964 2506 gne'tta.
1027 2449 1104 2490 CH.
1143 2449 1258 2501 Quid
1283 2450 1368 2491 uolt
1394 2450 1484 2498 sibi,

762 2512 881 2567 Syre,
907 2512 1009 2553 haee
1035 2512 1191 2552 orzitio'?

203 2576 274 2617 So.
314 2576 426 2629 Quid
458 2577 544 2618 est?
580 2579 668 2618 isne
699 2576 771 2616 tibi
803 2575 990 2616 uidetur?
1038 2575 1116 2615 Nv.
1149 2574 1251 2614 Dixi
1278 2575 1482 2628 equidem,

762 2638 833 2680 ubi
858 2638 914 2679 mi
939 2637 1167 2686 ostendisti,
1195 2637 1287 2678 ilico
