<?xml version="1.0" encoding="UTF-8"?>
<!DOCTYPE html PUBLIC "-//W3C//DTD XHTML 1.0 Transitional//EN"
    "http://www.w3.org/TR/xhtml1/DTD/xhtml1-transitional.dtd">
<html xmlns="http://www.w3.org/1999/xhtml" xml:lang="en" lang="en">
 <head>
  <title>
</title>
<meta http-equiv="Content-Type" content="text/html;charset=utf-8" />
  <meta name='ocr-system' content='tesseract 3.04.00' />
  <meta name='ocr-capabilities' content='ocr_page ocr_carea ocr_par ocr_line ocrx_word'/>
</head>
<body>
  <div class='ocr_page' id='page_1' title='image "./pterentiafricomo00tereuoft/pterentiafricomo00tereuoft_0252.png"; bbox 0 0 1700 2984; ppageno 0'>
   <div class='ocr_carea' id='block_1_1' title="bbox 208 340 275 374">
    <p class='ocr_par' dir='ltr' id='par_1_1' title="bbox 208 340 275 374">
     <span class='ocr_line' id='line_1_1' title="bbox 208 340 275 374; baseline 0.03 -2"><span class='ocrx_word' id='word_1_1' title='bbox 208 340 275 374; x_wconf 82' lang='lat'>210</span> 
     </span>
    </p>
   </div>
   <div class='ocr_carea' id='block_1_2' title="bbox 206 961 273 994">
    <p class='ocr_par' dir='ltr' id='par_1_2' title="bbox 206 961 273 994">
     <span class='ocr_line' id='line_1_2' title="bbox 206 961 273 994; baseline 0 0"><span class='ocrx_word' id='word_1_2' title='bbox 206 961 273 994; x_wconf 80' lang='lat'>215</span> 
     </span>
    </p>
   </div>
   <div class='ocr_carea' id='block_1_3' title="bbox 203 1586 270 1621">
    <p class='ocr_par' dir='ltr' id='par_1_3' title="bbox 203 1586 270 1621">
     <span class='ocr_line' id='line_1_3' title="bbox 203 1586 270 1621; baseline 0.03 -2"><span class='ocrx_word' id='word_1_3' title='bbox 203 1586 270 1621; x_wconf 75' lang='lat'>220</span> 
     </span>
    </p>
   </div>
   <div class='ocr_carea' id='block_1_4' title="bbox 201 2204 269 2238">
    <p class='ocr_par' dir='ltr' id='par_1_4' title="bbox 201 2204 269 2238">
     <span class='ocr_line' id='line_1_4' title="bbox 201 2204 269 2238; baseline 0.015 -1"><span class='ocrx_word' id='word_1_4' title='bbox 201 2204 269 2238; x_wconf 80' lang='lat'>225</span> 
     </span>
    </p>
   </div>
   <div class='ocr_carea' id='block_1_5' title="bbox 300 121 1646 181">
    <p class='ocr_par' dir='ltr' id='par_1_5' title="bbox 300 121 1646 181">
     <span class='ocr_line' id='line_1_5' title="bbox 300 121 1646 181; baseline 0.003 -14"><span class='ocrx_word' id='word_1_5' title='bbox 300 121 384 167; x_wconf 80' lang='lat'>204</span> <span class='ocrx_word' id='word_1_6' title='bbox 843 131 1046 168; x_wconf 83' lang='lat' dir='ltr'><strong>HECYRA</strong></span> <span class='ocrx_word' id='word_1_7' title='bbox 1558 134 1608 181; x_wconf 87' lang='lat'>11,</span> <span class='ocrx_word' id='word_1_8' title='bbox 1627 135 1646 171; x_wconf 91' lang='lat'><strong>1</strong></span> 
     </span>
    </p>
   </div>
   <div class='ocr_carea' id='block_1_6' title="bbox 300 212 1580 454">
    <p class='ocr_par' dir='ltr' id='par_1_6' title="bbox 300 212 1580 454">
     <span class='ocr_line' id='line_1_6' title="bbox 300 212 1580 272; baseline 0.004 -20"><span class='ocrx_word' id='word_1_9' title='bbox 300 212 379 253; x_wconf 72' lang='lat' dir='ltr'>LA.</span> <span class='ocrx_word' id='word_1_10' title='bbox 411 212 474 254; x_wconf 87' lang='lat' dir='ltr'>Te</span> <span class='ocrx_word' id='word_1_11' title='bbox 497 212 713 254; x_wconf 77' lang='lat' dir='ltr'>inmerito?</span> <span class='ocrx_word' id='word_1_12' title='bbox 738 228 789 254; x_wconf 85' lang='lat' dir='ltr'>an</span> <span class='ocrx_word' id='word_1_13' title='bbox 810 213 1034 268; x_wconf 87' lang='lat' dir='ltr'>quicquam</span> <span class='ocrx_word' id='word_1_14' title='bbox 1059 230 1133 270; x_wconf 89' lang='lat' dir='ltr'>pro</span> <span class='ocrx_word' id='word_1_15' title='bbox 1153 215 1240 256; x_wconf 85' lang='lat' dir='ltr'>istis</span> <span class='ocrx_word' id='word_1_16' title='bbox 1266 214 1386 257; x_wconf 85' lang='lat' dir='ltr'>factis</span> <span class='ocrx_word' id='word_1_17' title='bbox 1407 216 1580 272; x_wconf 83' lang='lat' dir='ltr'>dignum</span> 
     </span>
     <span class='ocr_line' id='line_1_7' title="bbox 863 276 1192 332; baseline 0.006 -16"><span class='ocrx_word' id='word_1_18' title='bbox 863 283 903 317; x_wconf 86' lang='lat' dir='ltr'>te</span> <span class='ocrx_word' id='word_1_19' title='bbox 928 276 1010 318; x_wconf 85' lang='lat' dir='ltr'>dici</span> <span class='ocrx_word' id='word_1_20' title='bbox 1032 278 1192 332; x_wconf 86' lang='lat' dir='ltr'>potest?</span> 
     </span>
     <span class='ocr_line' id='line_1_8' title="bbox 412 336 1580 389; baseline 0.003 -12"><span class='ocrx_word' id='word_1_21' title='bbox 412 336 533 389; x_wconf 82' lang='lat' dir='ltr'>Quae</span> <span class='ocrx_word' id='word_1_22' title='bbox 558 352 625 379; x_wconf 88' lang='lat' dir='ltr'>me</span> <span class='ocrx_word' id='word_1_23' title='bbox 649 339 690 378; x_wconf 76' lang='lat' dir='ltr'>et</span> <span class='ocrx_word' id='word_1_24' title='bbox 714 344 754 379; x_wconf 90' lang='lat' dir='ltr'>te</span> <span class='ocrx_word' id='word_1_25' title='bbox 774 344 815 379; x_wconf 93' lang='lat' dir='ltr'>et</span> <span class='ocrx_word' id='word_1_26' title='bbox 834 337 1034 379; x_wconf 59' lang='lat' dir='ltr'>familiam</span> <span class='ocrx_word' id='word_1_27' title='bbox 1053 339 1291 388; x_wconf 85' lang='lat' dir='ltr'>dedecoras,</span> <span class='ocrx_word' id='word_1_28' title='bbox 1317 339 1403 380; x_wconf 83' lang='lat' dir='ltr'>filio</span> <span class='ocrx_word' id='word_1_29' title='bbox 1422 340 1580 381; x_wconf 82' lang='lat' dir='ltr'>luctum</span> 
     </span>
     <span class='ocr_line' id='line_1_9' title="bbox 860 415 1000 454; baseline 0.007 -14"><span class='ocrx_word' id='word_1_30' title='bbox 860 415 1000 454; x_wconf 83' lang='lat' dir='ltr'>paras3</span> 
     </span>
    </p>
   </div>
   <div class='ocr_carea' id='block_1_7' title="bbox 411 460 1630 828">
    <p class='ocr_par' dir='ltr' id='par_1_7' title="bbox 411 460 1578 574">
     <span class='ocr_line' id='line_1_10' title="bbox 411 460 1578 504; baseline 0.003 -4"><span class='ocrx_word' id='word_1_31' title='bbox 411 460 521 501; x_wconf 86' lang='lat' dir='ltr'>Tum</span> <span class='ocrx_word' id='word_1_32' title='bbox 547 468 685 502; x_wconf 86' lang='lat' dir='ltr'>autem</span> <span class='ocrx_word' id='word_1_33' title='bbox 710 462 762 501; x_wconf 77' lang='lat' dir='ltr'>ex</span> <span class='ocrx_word' id='word_1_34' title='bbox 787 462 929 502; x_wconf 88' lang='lat' dir='ltr'>amicis</span> <span class='ocrx_word' id='word_1_35' title='bbox 950 462 1104 504; x_wconf 84' lang='lat' dir='ltr'>inimici</span> <span class='ocrx_word' id='word_1_36' title='bbox 1125 470 1165 503; x_wconf 86' lang='lat' dir='ltr'>ut</span> <span class='ocrx_word' id='word_1_37' title='bbox 1186 462 1266 504; x_wconf 87' lang='lat' dir='ltr'>sint</span> <span class='ocrx_word' id='word_1_38' title='bbox 1285 463 1402 504; x_wconf 81' lang='lat' dir='ltr'>n6bis</span> <span class='ocrx_word' id='word_1_39' title='bbox 1422 463 1578 504; x_wconf 74' lang='lat' dir='ltr'>adfines</span> 
     </span>
     <span class='ocr_line' id='line_1_11' title="bbox 860 524 975 574; baseline 0.009 -10"><span class='ocrx_word' id='word_1_40' title='bbox 860 524 975 574; x_wconf 86' lang='lat' dir='ltr'>facis,</span> 
     </span>
    </p>

    <p class='ocr_par' dir='ltr' id='par_1_8' title="bbox 411 584 1630 690">
     <span class='ocr_line' id='line_1_12' title="bbox 411 584 1630 642; baseline 0.003 -17"><span class='ocrx_word' id='word_1_41' title='bbox 411 584 497 636; x_wconf 83' lang='lat' dir='ltr'>Qui</span> <span class='ocrx_word' id='word_1_42' title='bbox 532 585 648 626; x_wconf 78' lang='lat' dir='ltr'>illum</span> <span class='ocrx_word' id='word_1_43' title='bbox 685 585 905 628; x_wconf 74' lang='lat' dir='ltr'>decrerunt</span> <span class='ocrx_word' id='word_1_44' title='bbox 941 587 1126 642; x_wconf 69' lang='lat' dir='ltr'>dignum,</span> <span class='ocrx_word' id='word_1_45' title='bbox 1164 602 1259 628; x_wconf 85' lang='lat' dir='ltr'>suos</span> <span class='ocrx_word' id='word_1_46' title='bbox 1296 587 1393 641; x_wconf 89' lang='lat' dir='ltr'>quoi</span> <span class='ocrx_word' id='word_1_47' title='bbox 1429 588 1579 629; x_wconf 83' lang='lat' dir='ltr'>liberos</span> <span class='ocrx_word' id='word_1_48' title='bbox 1600 599 1630 625; x_wconf 84' lang='lat'>15</span> 
     </span>
     <span class='ocr_line' id='line_1_13' title="bbox 860 651 1175 690; baseline 0.003 -1"><span class='ocrx_word' id='word_1_49' title='bbox 860 651 1175 690; x_wconf 81' lang='lat' dir='ltr'>committerent.</span> 
     </span>
    </p>

    <p class='ocr_par' dir='ltr' id='par_1_9' title="bbox 412 709 1579 828">
     <span class='ocr_line' id='line_1_14' title="bbox 412 709 1579 766; baseline 0.003 -17"><span class='ocrx_word' id='word_1_50' title='bbox 412 709 479 749; x_wconf 87' lang='lat' dir='ltr'>Tu</span> <span class='ocrx_word' id='word_1_51' title='bbox 517 709 605 751; x_wconf 81' lang='lat' dir='ltr'>sola</span> <span class='ocrx_word' id='word_1_52' title='bbox 641 724 823 759; x_wconf 84' lang='lat' dir='ltr'>exorere,</span> <span class='ocrx_word' id='word_1_53' title='bbox 866 713 972 765; x_wconf 73' lang='lat' dir='ltr'>quae</span> <span class='ocrx_word' id='word_1_54' title='bbox 1013 712 1230 766; x_wconf 86' lang='lat' dir='ltr'>perturbes</span> <span class='ocrx_word' id='word_1_55' title='bbox 1267 711 1369 753; x_wconf 72' lang='lat' dir='ltr'>hacc</span> <span class='ocrx_word' id='word_1_56' title='bbox 1411 718 1482 752; x_wconf 86' lang='lat' dir='ltr'>tua</span> <span class='ocrx_word' id='word_1_57' title='bbox 1516 711 1579 752; x_wconf 88' lang='lat' dir='ltr'>in-</span> 
     </span>
     <span class='ocr_line' id='line_1_15' title="bbox 862 773 1074 828; baseline 0.009 -15"><span class='ocrx_word' id='word_1_58' title='bbox 862 773 1074 828; x_wconf 77' lang='lat' dir='ltr'>pudentia.</span> 
     </span>
    </p>
   </div>
   <div class='ocr_carea' id='block_1_8' title="bbox 294 832 1627 2689">
    <p class='ocr_par' dir='ltr' id='par_1_10' title="bbox 300 832 1578 889">
     <span class='ocr_line' id='line_1_16' title="bbox 300 832 1578 889; baseline 0.002 -16"><span class='ocrx_word' id='word_1_59' title='bbox 300 832 370 873; x_wconf 73' lang='lat' dir='ltr'>So.</span> <span class='ocrx_word' id='word_1_60' title='bbox 407 832 556 887; x_wconf 78' lang='lat' dir='ltr'>Egon?</span> <span class='ocrx_word' id='word_1_61' title='bbox 596 834 674 874; x_wconf 83' lang='lat' dir='ltr'>LA.</span> <span class='ocrx_word' id='word_1_62' title='bbox 702 834 769 875; x_wconf 90' lang='lat' dir='ltr'>Tu</span> <span class='ocrx_word' id='word_1_63' title='bbox 794 836 978 889; x_wconf 80' lang='lat' dir='ltr'>inquam,</span> <span class='ocrx_word' id='word_1_64' title='bbox 1004 836 1164 886; x_wconf 87' lang='lat' dir='ltr'>mulier,</span> <span class='ocrx_word' id='word_1_65' title='bbox 1189 837 1296 889; x_wconf 83' lang='lat' dir='ltr'>quae&#39;</span> <span class='ocrx_word' id='word_1_66' title='bbox 1321 851 1387 877; x_wconf 86' lang='lat' dir='ltr'>me</span> <span class='ocrx_word' id='word_1_67' title='bbox 1412 836 1578 876; x_wconf 85' lang='lat' dir='ltr'>omnino</span> 
     </span>
    </p>

    <p class='ocr_par' dir='ltr' id='par_1_11' title="bbox 859 898 1554 953">
     <span class='ocr_line' id='line_1_17' title="bbox 859 898 1554 953; baseline 0.001 -15"><span class='ocrx_word' id='word_1_68' title='bbox 859 898 1051 953; x_wconf 60' lang='lat' dir='ltr'>ldpidem,</span> <span class='ocrx_word' id='word_1_69' title='bbox 1077 914 1160 939; x_wconf 87' lang='lat' dir='ltr'>non</span> <span class='ocrx_word' id='word_1_70' title='bbox 1186 898 1394 939; x_wconf 71' lang='lat' dir='ltr'>homindm</span> <span class='ocrx_word' id='word_1_71' title='bbox 1420 906 1554 953; x_wconf 81' lang='lat' dir='ltr'>putas.</span> 
     </span>
    </p>

    <p class='ocr_par' dir='ltr' id='par_1_12' title="bbox 411 959 1578 1071">
     <span class='ocr_line' id='line_1_18' title="bbox 411 959 1578 1012; baseline 0.003 -14"><span class='ocrx_word' id='word_1_72' title='bbox 411 959 495 1007; x_wconf 79' lang='lat' dir='ltr'>An,</span> <span class='ocrx_word' id='word_1_73' title='bbox 528 960 626 1012; x_wconf 84' lang='lat' dir='ltr'>quia</span> <span class='ocrx_word' id='word_1_74' title='bbox 651 959 733 1000; x_wconf 88' lang='lat' dir='ltr'>ruri</span> <span class='ocrx_word' id='word_1_75' title='bbox 760 960 905 1001; x_wconf 86' lang='lat' dir='ltr'>crebro</span> <span class='ocrx_word' id='word_1_76' title='bbox 936 962 1025 1002; x_wconf 69' lang='lat' dir='ltr'>esse</span> <span class='ocrx_word' id='word_1_77' title='bbox 1057 962 1182 1010; x_wconf 85' lang='lat' dir='ltr'>soleo,</span> <span class='ocrx_word' id='word_1_78' title='bbox 1215 961 1374 1002; x_wconf 86' lang='lat' dir='ltr'>ne&#39;scire</span> <span class='ocrx_word' id='word_1_79' title='bbox 1405 961 1578 1002; x_wconf 62' lang='lat' dir='ltr'>arbitrat-</span> 
     </span>
     <span class='ocr_line' id='line_1_19' title="bbox 858 1022 971 1071; baseline 0 -9"><span class='ocrx_word' id='word_1_80' title='bbox 858 1022 971 1071; x_wconf 85' lang='lat' dir='ltr'>mini,</span> 
     </span>
    </p>

    <p class='ocr_par' dir='ltr' id='par_1_13' title="bbox 412 1081 1578 1202">
     <span class='ocr_line' id='line_1_20' title="bbox 412 1081 1578 1138; baseline 0.002 -15"><span class='ocrx_word' id='word_1_81' title='bbox 412 1081 508 1133; x_wconf 77' lang='lat' dir='ltr'>Quo</span> <span class='ocrx_word' id='word_1_82' title='bbox 551 1085 726 1137; x_wconf 86' lang='lat' dir='ltr'>quisque</span> <span class='ocrx_word' id='word_1_83' title='bbox 768 1092 888 1138; x_wconf 86' lang='lat' dir='ltr'>pacto</span> <span class='ocrx_word' id='word_1_84' title='bbox 937 1085 1005 1126; x_wconf 83' lang='lat' dir='ltr'>hic</span> <span class='ocrx_word' id='word_1_85' title='bbox 1046 1086 1175 1125; x_wconf 83' lang='lat' dir='ltr'>uitam</span> <span class='ocrx_word' id='word_1_86' title='bbox 1216 1091 1450 1126; x_wconf 82' lang='lat' dir='ltr'>nostrarum</span> <span class='ocrx_word' id='word_1_87' title='bbox 1492 1085 1578 1126; x_wconf 79' lang='lat' dir='ltr'>e&#39;xi-</span> 
     </span>
     <span class='ocr_line' id='line_1_21' title="bbox 859 1147 954 1202; baseline 0 -16"><span class='ocrx_word' id='word_1_88' title='bbox 859 1147 954 1202; x_wconf 79' lang='lat' dir='ltr'>gat?</span> 
     </span>
    </p>

    <p class='ocr_par' dir='ltr' id='par_1_14' title="bbox 407 1206 1627 1313">
     <span class='ocr_line' id='line_1_22' title="bbox 407 1206 1627 1263; baseline 0.003 -17"><span class='ocrx_word' id='word_1_89' title='bbox 407 1206 545 1247; x_wconf 77' lang='lat' dir='ltr'>Multo</span> <span class='ocrx_word' id='word_1_90' title='bbox 576 1207 724 1248; x_wconf 86' lang='lat' dir='ltr'>melius</span> <span class='ocrx_word' id='word_1_91' title='bbox 760 1208 827 1249; x_wconf 84' lang='lat' dir='ltr'>hic</span> <span class='ocrx_word' id='word_1_92' title='bbox 858 1222 964 1261; x_wconf 80' lang='lat' dir='ltr'>quae</span> <span class='ocrx_word' id='word_1_93' title='bbox 1000 1209 1103 1249; x_wconf 87' lang='lat' dir='ltr'>fiunt</span> <span class='ocrx_word' id='word_1_94' title='bbox 1134 1224 1260 1263; x_wconf 85' lang='lat' dir='ltr'>quam</span> <span class='ocrx_word' id='word_1_95' title='bbox 1295 1209 1353 1250; x_wconf 80' lang='lat' dir='ltr'>illi</span> <span class='ocrx_word' id='word_1_96' title='bbox 1383 1209 1456 1250; x_wconf 92' lang='lat' dir='ltr'>ubi</span> <span class='ocrx_word' id='word_1_97' title='bbox 1485 1224 1576 1250; x_wconf 84' lang='lat' dir='ltr'>sum</span> <span class='ocrx_word' id='word_1_98' title='bbox 1595 1221 1627 1246; x_wconf 86' lang='lat'>20</span> 
     </span>
     <span class='ocr_line' id='line_1_23' title="bbox 859 1270 1154 1313; baseline 0.007 -3"><span class='ocrx_word' id='word_1_99' title='bbox 859 1271 1031 1312; x_wconf 77' lang='lat' dir='ltr'>adsidue</span> <span class='ocrx_word' id='word_1_100' title='bbox 1057 1270 1154 1313; x_wconf 89' lang='lat' dir='ltr'>scio.</span> 
     </span>
    </p>

    <p class='ocr_par' dir='ltr' id='par_1_15' title="bbox 411 1330 1575 1451">
     <span class='ocr_line' id='line_1_24' title="bbox 411 1330 1575 1389; baseline 0.003 -18"><span class='ocrx_word' id='word_1_101' title='bbox 411 1330 533 1386; x_wconf 87' lang='lat' dir='ltr'>[Ideo</span> <span class='ocrx_word' id='word_1_102' title='bbox 560 1331 670 1385; x_wconf 86' lang='lat' dir='ltr'>quia,</span> <span class='ocrx_word' id='word_1_103' title='bbox 703 1339 745 1372; x_wconf 90' lang='lat' dir='ltr'>ut</span> <span class='ocrx_word' id='word_1_104' title='bbox 773 1332 884 1372; x_wconf 88' lang='lat' dir='ltr'>domi</span> <span class='ocrx_word' id='word_1_105' title='bbox 908 1333 1008 1373; x_wconf 88' lang='lat' dir='ltr'>mihi</span> <span class='ocrx_word' id='word_1_106' title='bbox 1033 1348 1108 1374; x_wconf 91' lang='lat' dir='ltr'>uos</span> <span class='ocrx_word' id='word_1_107' title='bbox 1140 1333 1264 1382; x_wconf 84' lang='lat' dir='ltr'>eritis,</span> <span class='ocrx_word' id='word_1_108' title='bbox 1294 1333 1466 1388; x_wconf 88' lang='lat' dir='ltr'>proinde</span> <span class='ocrx_word' id='word_1_109' title='bbox 1498 1349 1575 1389; x_wconf 86' lang='lat' dir='ltr'>ego</span> 
     </span>
     <span class='ocr_line' id='line_1_25' title="bbox 858 1395 1221 1451; baseline 0.006 -16"><span class='ocrx_word' id='word_1_110' title='bbox 858 1409 927 1436; x_wconf 89' lang='lat' dir='ltr'>ero</span> <span class='ocrx_word' id='word_1_111' title='bbox 952 1395 1065 1436; x_wconf 83' lang='lat' dir='ltr'>fama</span> <span class='ocrx_word' id='word_1_112' title='bbox 1090 1395 1221 1451; x_wconf 69' lang='lat' dir='ltr'>foris]</span> 
     </span>
    </p>

    <p class='ocr_par' dir='ltr' id='par_1_16' title="bbox 408 1455 1574 1569">
     <span class='ocr_line' id='line_1_26' title="bbox 408 1455 1574 1513; baseline 0.003 -18"><span class='ocrx_word' id='word_1_113' title='bbox 408 1455 498 1495; x_wconf 62' lang='lat' dir='ltr'>Iaim</span> <span class='ocrx_word' id='word_1_114' title='bbox 534 1456 694 1510; x_wconf 86' lang='lat' dir='ltr'>pridem</span> <span class='ocrx_word' id='word_1_115' title='bbox 732 1456 925 1510; x_wconf 85' lang='lat' dir='ltr'>equidem</span> <span class='ocrx_word' id='word_1_116' title='bbox 961 1457 1102 1497; x_wconf 86' lang='lat' dir='ltr'>audiui</span> <span class='ocrx_word' id='word_1_117' title='bbox 1140 1458 1297 1513; x_wconf 82' lang='lat' dir='ltr'>cepisse</span> <span class='ocrx_word' id='word_1_118' title='bbox 1339 1458 1478 1499; x_wconf 68' lang='lat' dir='ltr'>(Sdium</span> <span class='ocrx_word' id='word_1_119' title='bbox 1515 1458 1574 1498; x_wconf 86' lang='lat' dir='ltr'>tui</span> 
     </span>
     <span class='ocr_line' id='line_1_27' title="bbox 856 1519 1163 1569; baseline 0 -9"><span class='ocrx_word' id='word_1_120' title='bbox 856 1519 1163 1569; x_wconf 79' lang='lat' dir='ltr'>Philumenam,</span> 
     </span>
    </p>

    <p class='ocr_par' dir='ltr' id='par_1_17' title="bbox 406 1581 1574 1699">
     <span class='ocr_line' id='line_1_28' title="bbox 406 1581 1574 1635; baseline 0.003 -15"><span class='ocrx_word' id='word_1_121' title='bbox 406 1581 681 1635; x_wconf 77' lang='lat' dir='ltr'>Minumeque</span> <span class='ocrx_word' id='word_1_122' title='bbox 718 1582 821 1623; x_wconf 83' lang='lat' dir='ltr'>adeo</span> <span class='ocrx_word' id='word_1_123' title='bbox 858 1590 920 1623; x_wconf 83' lang='lat' dir='ltr'>est</span> <span class='ocrx_word' id='word_1_124' title='bbox 955 1584 1126 1632; x_wconf 83' lang='lat' dir='ltr'>mirum,</span> <span class='ocrx_word' id='word_1_125' title='bbox 1163 1592 1203 1624; x_wconf 91' lang='lat' dir='ltr'>et</span> <span class='ocrx_word' id='word_1_126' title='bbox 1239 1583 1282 1624; x_wconf 89' lang='lat' dir='ltr'>ni</span> <span class='ocrx_word' id='word_1_127' title='bbox 1318 1582 1360 1623; x_wconf 77' lang='lat' dir='ltr'>id</span> <span class='ocrx_word' id='word_1_128' title='bbox 1395 1583 1574 1632; x_wconf 81' lang='lat' dir='ltr'>fecisset,</span> 
     </span>
     <span class='ocr_line' id='line_1_29' title="bbox 857 1645 1316 1699; baseline 0.004 -15"><span class='ocrx_word' id='word_1_129' title='bbox 857 1645 991 1699; x_wconf 81' lang='lat' dir='ltr'>magis</span> <span class='ocrx_word' id='word_1_130' title='bbox 1017 1646 1167 1686; x_wconf 79' lang='lat' dir='ltr'>mirum</span> <span class='ocrx_word' id='word_1_131' title='bbox 1192 1645 1316 1694; x_wconf 82' lang='lat' dir='ltr'>foret3</span> 
     </span>
    </p>

    <p class='ocr_par' dir='ltr' id='par_1_18' title="bbox 409 1704 1575 1810">
     <span class='ocr_line' id='line_1_30' title="bbox 409 1704 1575 1756; baseline 0.003 -10"><span class='ocrx_word' id='word_1_132' title='bbox 409 1704 493 1746; x_wconf 86' lang='lat' dir='ltr'>Se&#39;d</span> <span class='ocrx_word' id='word_1_133' title='bbox 513 1720 595 1746; x_wconf 91' lang='lat' dir='ltr'>non</span> <span class='ocrx_word' id='word_1_134' title='bbox 616 1706 772 1747; x_wconf 87' lang='lat' dir='ltr'>credidi</span> <span class='ocrx_word' id='word_1_135' title='bbox 791 1706 909 1756; x_wconf 56' lang='lat' dir='ltr'>eideo,</span> <span class='ocrx_word' id='word_1_136' title='bbox 935 1715 981 1748; x_wconf 92' lang='lat' dir='ltr'>ut</span> <span class='ocrx_word' id='word_1_137' title='bbox 1000 1708 1125 1748; x_wconf 88' lang='lat' dir='ltr'>etiam</span> <span class='ocrx_word' id='word_1_138' title='bbox 1147 1708 1277 1749; x_wconf 80' lang='lat' dir='ltr'>totam</span> <span class='ocrx_word' id='word_1_139' title='bbox 1296 1708 1402 1750; x_wconf 85' lang='lat' dir='ltr'>hanc</span> <span class='ocrx_word' id='word_1_140' title='bbox 1422 1709 1575 1750; x_wconf 70' lang='lat' dir='ltr'>odisset</span> 
     </span>
     <span class='ocr_line' id='line_1_31' title="bbox 857 1769 1045 1810; baseline 0.005 -1"><span class='ocrx_word' id='word_1_141' title='bbox 857 1769 1045 1810; x_wconf 87' lang='lat' dir='ltr'>domum:</span> 
     </span>
    </p>

    <p class='ocr_par' dir='ltr' id='par_1_19' title="bbox 406 1829 1627 1888">
     <span class='ocr_line' id='line_1_32' title="bbox 406 1829 1627 1888; baseline 0.003 -18"><span class='ocrx_word' id='word_1_142' title='bbox 406 1829 531 1882; x_wconf 80' lang='lat' dir='ltr'>Quod</span> <span class='ocrx_word' id='word_1_143' title='bbox 556 1830 590 1871; x_wconf 86' lang='lat' dir='ltr'>si</span> <span class='ocrx_word' id='word_1_144' title='bbox 615 1830 799 1880; x_wconf 86' lang='lat' dir='ltr'>scissem,</span> <span class='ocrx_word' id='word_1_145' title='bbox 830 1831 900 1871; x_wconf 82' lang='lat' dir='ltr'>illa</span> <span class='ocrx_word' id='word_1_146' title='bbox 924 1831 990 1872; x_wconf 88' lang='lat' dir='ltr'>hic</span> <span class='ocrx_word' id='word_1_147' title='bbox 1015 1839 1200 1873; x_wconf 83' lang='lat' dir='ltr'>maneret</span> <span class='ocrx_word' id='word_1_148' title='bbox 1224 1832 1373 1888; x_wconf 79' lang='lat' dir='ltr'>potius,</span> <span class='ocrx_word' id='word_1_149' title='bbox 1405 1840 1449 1873; x_wconf 83' lang='lat' dir='ltr'>tu</span> <span class='ocrx_word' id='word_1_150' title='bbox 1480 1833 1576 1874; x_wconf 88' lang='lat' dir='ltr'>hinc</span> <span class='ocrx_word' id='word_1_151' title='bbox 1594 1846 1627 1871; x_wconf 81' lang='lat'>25</span> 
     </span>
    </p>

    <p class='ocr_par' dir='ltr' id='par_1_20' title="bbox 425 1893 1107 1953">
     <span class='ocr_line' id='line_1_33' title="bbox 425 1893 1107 1953; baseline 0.004 -21"><span class='ocrx_word' id='word_1_152' title='bbox 425 1942 432 1953; x_wconf 47' lang='grc'><strong><em>,</em></strong></span> <span class='ocrx_word' id='word_1_153' title='bbox 856 1893 957 1934; x_wconf 73' lang='lat' dir='ltr'>isses</span> <span class='ocrx_word' id='word_1_154' title='bbox 982 1894 1107 1935; x_wconf 84' lang='lat' dir='ltr'>foras.</span> 
     </span>
    </p>

    <p class='ocr_par' dir='ltr' id='par_1_21' title="bbox 405 1955 1573 2068">
     <span class='ocr_line' id='line_1_34' title="bbox 405 1955 1573 2012; baseline 0.003 -17"><span class='ocrx_word' id='word_1_155' title='bbox 405 1956 465 1996; x_wconf 82' lang='lat' dir='ltr'>At</span> <span class='ocrx_word' id='word_1_156' title='bbox 495 1955 605 2004; x_wconf 89' lang='lat' dir='ltr'>uide,</span> <span class='ocrx_word' id='word_1_157' title='bbox 641 1970 769 2009; x_wconf 83' lang='lat' dir='ltr'>quam</span> <span class='ocrx_word' id='word_1_158' title='bbox 799 1955 991 1997; x_wconf 84' lang='lat' dir='ltr'>inmerito</span> <span class='ocrx_word' id='word_1_159' title='bbox 1022 1957 1237 2012; x_wconf 72' lang='lat' dir='ltr'>aegritudo</span> <span class='ocrx_word' id='word_1_160' title='bbox 1274 1957 1377 1999; x_wconf 84' lang='lat' dir='ltr'>haec</span> <span class='ocrx_word' id='word_1_161' title='bbox 1408 1958 1463 1998; x_wconf 88' lang='lat' dir='ltr'>mi</span> <span class='ocrx_word' id='word_1_162' title='bbox 1498 1958 1573 1999; x_wconf 64' lang='lat' dir='ltr'>zibs</span> 
     </span>
     <span class='ocr_line' id='line_1_35' title="bbox 855 2018 1321 2068; baseline 0.004 -10"><span class='ocrx_word' id='word_1_163' title='bbox 855 2026 894 2059; x_wconf 86' lang='lat' dir='ltr'>te</span> <span class='ocrx_word' id='word_1_164' title='bbox 920 2018 1088 2068; x_wconf 81' lang='lat' dir='ltr'>oriatur,</span> <span class='ocrx_word' id='word_1_165' title='bbox 1117 2019 1321 2060; x_wconf 77' lang='lat' dir='ltr'>Sostrata:</span> 
     </span>
    </p>

    <p class='ocr_par' dir='ltr' id='par_1_22' title="bbox 405 2079 1575 2192">
     <span class='ocr_line' id='line_1_36' title="bbox 405 2079 1575 2129; baseline 0.003 -9"><span class='ocrx_word' id='word_1_166' title='bbox 405 2079 493 2120; x_wconf 77' lang='lat' dir='ltr'>Rus</span> <span class='ocrx_word' id='word_1_167' title='bbox 524 2079 757 2121; x_wconf 83' lang='lat' dir='ltr'>habitatum</span> <span class='ocrx_word' id='word_1_168' title='bbox 789 2079 884 2129; x_wconf 76' lang='lat' dir='ltr'>abii,</span> <span class='ocrx_word' id='word_1_169' title='bbox 917 2082 1149 2122; x_wconf 85' lang='lat' dir='ltr'>concedens</span> <span class='ocrx_word' id='word_1_170' title='bbox 1182 2082 1301 2123; x_wconf 79' lang='lat' dir='ltr'>uobis</span> <span class='ocrx_word' id='word_1_171' title='bbox 1332 2090 1371 2122; x_wconf 91' lang='lat' dir='ltr'>et</span> <span class='ocrx_word' id='word_1_172' title='bbox 1402 2082 1460 2123; x_wconf 87' lang='lat' dir='ltr'>rei</span> <span class='ocrx_word' id='word_1_173' title='bbox 1491 2083 1575 2124; x_wconf 80' lang='lat' dir='ltr'>ser-</span> 
     </span>
     <span class='ocr_line' id='line_1_37' title="bbox 854 2142 986 2192; baseline 0.015 -10"><span class='ocrx_word' id='word_1_174' title='bbox 854 2142 986 2192; x_wconf 85' lang='lat' dir='ltr'>uiens,</span> 
     </span>
    </p>

    <p class='ocr_par' dir='ltr' id='par_1_23' title="bbox 408 2204 1576 2322">
     <span class='ocr_line' id='line_1_38' title="bbox 408 2204 1576 2262; baseline 0.002 -16"><span class='ocrx_word' id='word_1_175' title='bbox 408 2204 609 2259; x_wconf 76' lang='lat' dir='ltr'>Sumptus</span> <span class='ocrx_word' id='word_1_176' title='bbox 645 2212 807 2246; x_wconf 86' lang='lat' dir='ltr'>uostros</span> <span class='ocrx_word' id='word_1_177' title='bbox 844 2205 1055 2259; x_wconf 78' lang='lat' dir='ltr'>otiumque</span> <span class='ocrx_word' id='word_1_178' title='bbox 1093 2214 1137 2246; x_wconf 91' lang='lat' dir='ltr'>ut</span> <span class='ocrx_word' id='word_1_179' title='bbox 1173 2207 1311 2248; x_wconf 81' lang='lat' dir='ltr'>nostra</span> <span class='ocrx_word' id='word_1_180' title='bbox 1340 2222 1405 2248; x_wconf 85' lang='lat' dir='ltr'>res</span> <span class='ocrx_word' id='word_1_181' title='bbox 1434 2209 1576 2262; x_wconf 70' lang='lat' dir='ltr'>posset</span> 
     </span>
     <span class='ocr_line' id='line_1_39' title="bbox 856 2267 956 2322; baseline -0.01 -14"><span class='ocrx_word' id='word_1_182' title='bbox 856 2267 956 2322; x_wconf 81' lang='lat' dir='ltr'>pati,</span> 
     </span>
    </p>

    <p class='ocr_par' dir='ltr' id='par_1_24' title="bbox 406 2328 1574 2434">
     <span class='ocr_line' id='line_1_40' title="bbox 406 2328 1574 2385; baseline 0.003 -16"><span class='ocrx_word' id='word_1_183' title='bbox 406 2328 504 2370; x_wconf 79' lang='lat' dir='ltr'>Meo</span> <span class='ocrx_word' id='word_1_184' title='bbox 539 2329 671 2370; x_wconf 85' lang='lat' dir='ltr'>labori</span> <span class='ocrx_word' id='word_1_185' title='bbox 702 2329 814 2370; x_wconf 87' lang='lat' dir='ltr'>haud</span> <span class='ocrx_word' id='word_1_186' title='bbox 844 2332 1017 2384; x_wconf 60' lang='lat' dir='ltr'>ptircens</span> <span class='ocrx_word' id='word_1_187' title='bbox 1048 2338 1212 2385; x_wconf 85' lang='lat' dir='ltr'>praeter</span> <span class='ocrx_word' id='word_1_188' title='bbox 1241 2332 1418 2385; x_wconf 81' lang='lat' dir='ltr'>aequom</span> <span class='ocrx_word' id='word_1_189' title='bbox 1450 2340 1574 2385; x_wconf 81' lang='lat' dir='ltr'>atque</span> 
     </span>
     <span class='ocr_line' id='line_1_41' title="bbox 852 2394 1202 2434; baseline 0.003 -1"><span class='ocrx_word' id='word_1_190' title='bbox 852 2394 1030 2433; x_wconf 74' lang='lat' dir='ltr'>aetatem</span> <span class='ocrx_word' id='word_1_191' title='bbox 1054 2408 1202 2434; x_wconf 79' lang='lat' dir='ltr'>meam.</span> 
     </span>
    </p>

    <p class='ocr_par' dir='ltr' id='par_1_25' title="bbox 406 2453 1625 2558">
     <span class='ocr_line' id='line_1_42' title="bbox 406 2453 1625 2511; baseline -0.002 -16"><span class='ocrx_word' id='word_1_192' title='bbox 406 2455 499 2495; x_wconf 80' lang='lat' dir='ltr'>Non</span> <span class='ocrx_word' id='word_1_193' title='bbox 524 2461 564 2495; x_wconf 88' lang='lat' dir='ltr'>te</span> <span class='ocrx_word' id='word_1_194' title='bbox 589 2468 663 2509; x_wconf 85' lang='lat' dir='ltr'>pro</span> <span class='ocrx_word' id='word_1_195' title='bbox 689 2453 752 2495; x_wconf 91' lang='lat' dir='ltr'>his</span> <span class='ocrx_word' id='word_1_196' title='bbox 779 2456 945 2496; x_wconf 57' lang='lat' dir='ltr'>curasse</span> <span class='ocrx_word' id='word_1_197' title='bbox 965 2455 1103 2501; x_wconf 83' lang='lat' dir='ltr'>rebus,</span> <span class='ocrx_word' id='word_1_198' title='bbox 1130 2457 1181 2496; x_wconf 77' lang='lat' dir='ltr'>ne</span> <span class='ocrx_word' id='word_1_199' title='bbox 1201 2455 1301 2509; x_wconf 90' lang='lat' dir='ltr'>quid</span> <span class='ocrx_word' id='word_1_200' title='bbox 1321 2470 1445 2511; x_wconf 80' lang='lat' dir='ltr'>aegre</span> <span class='ocrx_word' id='word_1_201' title='bbox 1466 2458 1574 2498; x_wconf 82' lang='lat' dir='ltr'>esset</span> <span class='ocrx_word' id='word_1_202' title='bbox 1592 2470 1625 2494; x_wconf 87' lang='lat'>30</span> 
     </span>
     <span class='ocr_line' id='line_1_43' title="bbox 855 2516 975 2558; baseline 0.008 -1"><span class='ocrx_word' id='word_1_203' title='bbox 855 2516 975 2558; x_wconf 75' lang='lat' dir='ltr'>mihil</span> 
     </span>
    </p>

    <p class='ocr_par' dir='ltr' id='par_1_26' title="bbox 294 2580 1570 2636">
     <span class='ocr_line' id='line_1_44' title="bbox 294 2580 1570 2636; baseline 0 -14"><span class='ocrx_word' id='word_1_204' title='bbox 294 2580 364 2623; x_wconf 66' lang='lat' dir='ltr'>So.</span> <span class='ocrx_word' id='word_1_205' title='bbox 404 2580 497 2621; x_wconf 67' lang='lat' dir='ltr'>Non</span> <span class='ocrx_word' id='word_1_206' title='bbox 517 2595 609 2622; x_wconf 81' lang='lat' dir='ltr'>mea</span> <span class='ocrx_word' id='word_1_207' title='bbox 629 2594 755 2635; x_wconf 81' lang='lat' dir='ltr'>opera</span> <span class='ocrx_word' id='word_1_208' title='bbox 773 2581 908 2634; x_wconf 69' lang='lat' dir='ltr'>neque</span> <span class='ocrx_word' id='word_1_209' title='bbox 928 2580 996 2634; x_wconf 85' lang='lat' dir='ltr'>pol</span> <span class='ocrx_word' id='word_1_210' title='bbox 1016 2581 1138 2636; x_wconf 82' lang='lat' dir='ltr'>culpa</span> <span class='ocrx_word' id='word_1_211' title='bbox 1159 2581 1309 2623; x_wconf 65' lang='lat' dir='ltr'>euenit.</span> <span class='ocrx_word' id='word_1_212' title='bbox 1342 2580 1421 2621; x_wconf 57' lang='lat' dir='ltr'>LA.</span> <span class='ocrx_word' id='word_1_213' title='bbox 1437 2581 1570 2627; x_wconf 87' lang='lat' dir='ltr'>Immo</span> 
     </span>
    </p>

    <p class='ocr_par' dir='ltr' id='par_1_27' title="bbox 853 2658 1064 2689">
     <span class='ocr_line' id='line_1_45' title="bbox 853 2658 1064 2689; baseline 0 -5"><span class='ocrx_word' id='word_1_214' title='bbox 853 2658 1064 2689; x_wconf 47' lang='lat' dir='ltr'>maxum&amp;</span> 
     </span>
    </p>
   </div>
  </div>
 </body>
</html>
