1726 2984
190 154 243 198 26
732 165 930 202 ANDRIA
1393 167 1442 212 11,
1459 169 1490 204 5.
1508 168 1530 204 6

96 256 164 290 415
300 246 444 301 Ipsum
468 246 572 289 adeo
597 254 761 302 praesto
786 247 908 288 uideo
933 262 1029 289 cum
1053 248 1195 290 Dauo:
1223 247 1302 289 hdo
1327 263 1463 304 agam.

187 307 247 351 Sl.
295 308 531 364 Vtrumque
569 310 713 351 adesse
748 309 882 350 uideo.
942 309 1025 351 DA.
1074 311 1170 360 Em,
1207 325 1341 353 serua.
1402 309 1462 353 S1.
1498 321 1515 349 5

747 371 979 426 Pamphile.

186 432 269 474 DA.
301 431 435 486 Quasi
462 433 513 475 de
542 432 753 488 inprouiso
784 433 942 488 respice
972 433 1025 475 ad
1050 449 1157 476 eum.
1205 434 1283 475 ΡΑ.
1316 434 1463 485 Ehem,

745 502 875 549 pater.

185 556 268 597 DA.
300 556 453 598 Probe.
502 556 561 599 S1.
598 556 737 598 Hddie
761 571 934 598 uxorem
959 558 1100 607 ducas,
1127 566 1172 599 ut
1197 558 1294 607 dixi,
1320 559 1428 600 uolo.

186 619 264 659 BY.
301 618 424 660 Nunc
448 620 614 660 nestrae
639 619 764 660 timeo
789 619 908 674 pairti,
934 620 1034 673 quid
1058 620 1125 661 hic
1149 621 1409 675 respdndeat.

95 683 162 718 420
185 679 262 721 ΡΑ.
294 680 441 735 Neque
475 681 566 722 istic
601 694 737 734 neque
768 680 866 722 alibi
902 681 976 722 tibi
1008 682 1083 722 erit
1114 697 1291 736 usquam
1321 683 1362 723 in
1398 684 1463 724 me

745 757 873 784 mora.
922 743 998 784 ΒΥ.
1038 745 1160 785 Hem.

185 804 268 845 DA.
301 802 538 846 Obmutuit.
609 805 687 847 ΒΥ.
732 804 848 857 Quid
883 805 1011 846 dixit?
1082 806 1141 848 S1.
1183 806 1306 847 Facis
1342 815 1388 847 ut
1423 807 1462 848 te
1482 817 1515 843 10

748 867 879 917 decet,

299 928 440 981 Quom
465 929 572 970 istuc
596 929 709 983 quod
737 930 902 984 postulo
926 931 1102 985 impetro
1128 945 1222 971 cum
1249 930 1393 984 gretia.

185 991 267 1032 DA.
301 990 406 1033 Sum
442 992 592 1032 uerus?
645 993 721 1033 BY.
766 992 889 1041 Erus,
926 1001 1128 1046 quantum
1165 993 1300 1041 audio,
1338 1006 1466 1033 uxore

747 1054 912 1095 excidit.

187 1115 247 1158 Sl.
297 1116 319 1157 I
343 1116 537 1157 nunciam
563 1116 681 1165 intro,
706 1132 759 1158 ne
782 1119 824 1157 in
850 1131 977 1167 mora,
1003 1131 1129 1170 quom
1155 1131 1257 1171 opus
1284 1118 1347 1157 sit.
1373 1116 1465 1157 sies.

95 1186 162 1220 425
185 1179 263 1220 ΡΑ.
295 1178 373 1220 Εό.
428 1179 506 1220 ΒΥ.
548 1179 730 1221 Nullane
766 1179 808 1220 in
844 1194 887 1221 re
923 1181 1013 1221 esse
1048 1179 1274 1233 quoiquam
1311 1179 1467 1220 homini

747 1241 891 1283 fidem!

298 1304 456 1346 Verum
479 1302 583 1344 illud
608 1303 837 1352 uei-buum,
863 1303 989 1359 ucilgo
1015 1303 1127 1357 quod
1153 1303 1233 1344 dici
1257 1304 1374 1353 solet,
1485 1313 1519 1340 15

299 1364 450 1406 Omnis
475 1365 554 1406 sibi
579 1366 701 1407 malle
726 1366 874 1406 me'lius
899 1381 989 1407 esse
1014 1379 1140 1419 quam
1165 1365 1297 1407 elteri.

298 1426 391 1483 Ego
416 1427 528 1468 illam
553 1427 659 1468 uidi:
684 1428 891 1482 uirginem
915 1427 1049 1468 forma
1073 1428 1181 1468 bona

298 1490 476 1530 Memini
500 1489 650 1530 uideri:
676 1504 759 1543 quo
786 1490 955 1543 aequior
980 1505 1072 1531 sum
1098 1489 1333 1544 Pamphilo,

96 1560 164 1594 430
301 1551 348 1593 Si
373 1554 416 1592 se'
441 1552 554 1592 illam
579 1552 619 1592 in
641 1553 794 1593 somnis
814 1566 940 1606 quam
963 1552 1081 1593 illum
1101 1552 1299 1606 amplecti
1312 1551 1468 1593 maluit.

301 1614 580 1663 Reni'intiabQ
610 1623 656 1655 ut
679 1629 754 1670 pro
779 1614 858 1656 hdo
883 1615 992 1657 malo
1016 1614 1118 1656 mihi
1145 1614 1214 1655 det
1243 1614 1411 1656 malum.
1487 1625 1521 1651 20

620 1738 661 1779 D
676 1753 703 1779 A
715 1754 742 1780 v
755 1754 779 1781 ο
793 1753 813 1780 s
900 1739 931 1782 S
946 1755 961 1780 1
973 1755 1003 1780 M
1017 1755 1041 1781 o

639 1810 786 1837 suavos
906 1810 1031 1837 SENEX

189 1864 271 1906 DA.
304 1864 387 1905 Hic
412 1865 523 1905 nunc
548 1880 614 1905 me
639 1864 770 1906 credit
793 1864 976 1918 &liquam
1001 1864 1079 1905 sibi
1104 1864 1311 1905 fallziciam
1482 1875 1539 1908 n,6

301 1927 476 1967 Portare
502 1935 541 1967 et
568 1942 616 1968 ea
641 1941 706 1967 me
731 1926 797 1967 hie
822 1927 1019 1968 restitisse
1044 1927 1189 1982 gretia.

190 1989 250 2032 SI.
300 1988 414 2042 Quid
445 1989 592 2030 Deiuos
623 1990 786 2030 narrat?
825 1991 956 2043 aeque
987 1990 1211 2043 quicquam
1241 1990 1351 2030 m'lnc
1381 1988 1471 2043 qui-

753 2051 872 2093 dem?
1149 2101 1156 2113 ν

97 2124 165 2159 435
301 2114 449 2155 Nilne?
474 2113 580 2155 hem.
618 2113 702 2155 DA.
728 2114 798 2154 Nil
823 2128 1005 2168 prorsus.
1044 2114 1103 2155 SI.
1129 2113 1262 2167 Atqui
1282 2121 1473 2168 expecta-

753 2176 850 2216 bz'un
875 2176 1057 2229 quidem.

190 2240 273 2281 DA.
304 2240 478 2281 Praeter
519 2254 634 2294 spem
677 2239 833 2288 euenit,
878 2239 1029 2291 sentio:
1079 2239 1158 2280 hoc
1199 2239 1307 2280 male
1349 2238 1474 2280 habet
1509 2250 1525 2276 5

754 2301 905 2341 uirum.

192 2364 251 2407 Sl·
300 2364 425 2405 Potin
451 2365 494 2405 e's
520 2363 620 2404 mihi
645 2378 791 2404 uerum
817 2364 978 2404 dicere?
1026 2363 1108 2404 DA.
1146 2363 1217 2404 Nil
1242 2363 1417 2404 fzicilius.

193 2427 251 2469 S1.
301 2427 416 2468 Num
440 2426 499 2467 illi
523 2426 720 2467 molestae
746 2426 959 2480 quidpiam
986 2425 1088 2466 haee
1113 2435 1208 2466 sunt
1233 2426 1401 2480 nuptiae

306 2490 410 2530 Eius
436 2490 606 2544 prepter
631 2488 973 2529 consuetudinem
999 2487 1169 2529 huiusce
1194 2488 1409 2542 hdspitae'?

101 2563 168 2597 440
192 2553 275 2593 DA.
307 2552 376 2592 Nil
403 2551 559 2599 he'rcle3
587 2560 670 2599 aut,
698 2550 729 2591 si
756 2550 872 2598 adeo,
899 2550 1053 2590 biduist
1079 2559 1149 2591 aut
1175 2550 1299 2591 tridui

305 2615 425 2654 Haeo
451 2612 703 2654 sellicitudo:
735 2613 866 2653 misti?
898 2612 1046 2653 deinde
1072 2612 1244 2653 desinet.
1495 2623 1527 2648 ιο

304 2676 470 2717 Etenim
496 2677 610 2730 ipsus
638 2689 779 2716 secum
805 2677 896 2716 eam
923 2690 1009 2715 rem
1036 2677 1244 2730 reputauit
1270 2673 1350 2715 uia.
