1700 2984
145 183 240 219 Prol.
732 182 962 220 PHORMIO
1407 173 1482 215 151

631 347 1063 392 PROLOGVS.

213 439 442 493 Postquam
467 442 590 494 poe‘ta
614 440 734 480 ue'tus
760 443 925 493 poe'tam
948 439 1033 480 non
1057 445 1192 493 potest

212 506 438 547 Retrahere
464 522 488 546 a
514 506 652 547 studio
677 513 717 547 et
741 507 953 548 transdere
978 506 1188 547 hominem
1213 506 1254 547 in
1279 506 1421 555 (stium,

211 573 449 615 Maledictis
475 574 681 616 deterrere
705 588 758 614 ne
783 573 934 614 scribat
960 582 1078 628 parat
1087 590 1096 622 3

213 640 297 692 Qui
321 641 379 681 ita
404 641 575 690 dictitat,
601 655 704 694 quas
729 640 904 682 antehac
929 641 1027 682 fecit
1050 641 1227 689 fabulas,

178 719 194 745 5
212 708 348 750 Tenui
373 710 463 750 esse
489 709 671 750 oratione
697 715 738 749 et
762 708 967 763 scriptura
990 709 1091 749 leui:

213 775 325 828 Quia
348 777 553 830 nusquam
578 776 770 817 insanum
796 776 955 830 scripsit
982 775 1340 817 adulescentulum

213 842 395 885 Ceruam
419 844 561 885 uidere
586 844 732 899 fugere
758 850 797 885 et
823 845 971 885 sectari
995 859 1118 885 canes

212 911 266 952 Et
292 914 383 953 eam
407 913 582 967 plorare,
608 913 725 953 orare
749 918 795 951 ut
820 911 1041 952 subueniat
1066 910 1157 951 sibi.

214 978 341 1031 Quod
365 980 399 1021 si
423 980 694 1035 intellegeret,
720 980 848 1032 quom
873 979 986 1020 stetit
1010 978 1107 1019 olim
1132 992 1255 1028 noua,

163 1060 194 1083 10
212 1047 378 1088 Actoris
403 1062 528 1102 opera
552 1047 685 1102 magis
711 1046 870 1088 stetisse
896 1048 1021 1100 quam
1046 1061 1135 1095 sua,

213 1115 357 1156 Minus
380 1115 511 1156 nu'llto
537 1115 747 1164 audacter,
773 1116 899 1168 quam
925 1128 1035 1154 nunc
1060 1114 1198 1162 laedit,
1224 1114 1419 1156 laederet.

212 1183 335 1225 Nunc
360 1185 395 1224 si
420 1183 512 1237 quis
538 1191 612 1232 est,
639 1183 709 1236 qui
735 1183 813 1224 hoc
839 1182 948 1223 dicat
972 1189 1043 1223 aut
1069 1182 1127 1223 sic
1153 1182 1322 1237 cogitet:

213 1252 365 1293 ‘Vetus
390 1252 425 1292 si
448 1254 571 1306 poe'ta
594 1252 675 1291 non
700 1250 934 1291 lacessisset
957 1250 1082 1305 prior,

212 1319 385 1360 Nullum
408 1319 595 1360 inuenire
620 1319 838 1373 prologum
865 1319 1004 1373 posset
1029 1318 1200 1359 nouos':

162 1398 194 1424 15
215 1385 371 1442 [Quem
397 1387 564 1436 diceret,
589 1386 668 1427 nisi
692 1385 863 1427 haberet
888 1385 954 1426 cui
978 1386 1085 1427 male
1111 1385 1303 1441 diceretz]

212 1455 254 1496 Is
280 1455 355 1495 sibi
380 1469 625 1510 responsum
650 1453 730 1495 hoc
754 1453 918 1503 habeat,
944 1454 987 1494 in
1012 1454 1147 1495 medio
1173 1454 1363 1495 omnibus

211 1522 403 1563 Palmam
428 1524 517 1564 esse
542 1522 733 1578 positam,
759 1522 830 1576 qui
855 1523 985 1563 artem
1010 1530 1187 1563 tractant
1212 1523 1426 1563 milsicam.

212 1590 288 1631 Ille
312 1591 366 1631 ad
390 1590 542 1631 famem
569 1590 680 1631 hunc
706 1605 729 1630 a
753 1590 889 1631 studio
914 1590 1072 1631 studuit
1095 1589 1268 1632 reicere:

212 1658 296 1699 Hic
320 1658 570 1713 respondere
595 1657 738 1707 uoluit,
763 1672 846 1698 non
871 1658 1087 1699 lacessere.

161 1740 193 1764 20
214 1726 450 1767 Benedictis
475 1726 510 1767 si
535 1727 745 1773 certasset,
771 1725 955 1766 audisset
978 1725 1103 1766 bene:

213 1794 339 1845 Quod
363 1794 415 1834 ab
439 1794 511 1835 illo
536 1793 774 1843 adlatumst,
800 1792 879 1847 [id]
908 1793 987 1833 sibi
1012 1807 1101 1833 esse
1126 1793 1316 1834 rellatum
1342 1801 1471 1847 putet.

211 1862 280 1904 De
304 1862 373 1902 illo
396 1862 480 1903 iam
504 1862 629 1903 finem
654 1861 805 1902 faciam
832 1860 1000 1900 dicundi
1025 1858 1138 1908 mihi,

211 1929 422 1971 Peccandi
446 1944 572 1984 quom
597 1929 684 1984 ipse
710 1929 760 1969 de'
786 1943 828 1969 se
853 1929 977 1968 finem
1003 1928 1081 1968 non
1106 1928 1217 1969 facit.

212 1998 336 2038 Nunc
360 1998 460 2052 quid
482 1997 608 2039 uelim
633 1998 817 2038 animum
842 1996 1058 2036 atte’ndite:
1085 1996 1257 2050 adporto
1281 2011 1434 2038 nouam

162 2078 195 2103 25
215 2065 594 2120 Epidicazomenon
617 2067 742 2119 quam
768 2072 920 2105 uocant
944 2063 1199 2105 comoediam

215 2133 379 2183 Graeci,
406 2133 547 2175 Latini
571 2133 868 2174 Phormionem
893 2131 1121 2179 nominant,

215 2202 327 2254 Quia
349 2203 502 2256 primas
528 2202 655 2256 partis
681 2202 752 2255 qui
776 2208 885 2255 aget,
911 2200 944 2241 is
971 2199 1047 2241 erit
1071 2199 1268 2240 Phdrmio

214 2270 443 2319 Parasitus,
469 2285 542 2324 per
566 2284 690 2323 quem
716 2270 781 2310 res
807 2276 975 2324 geretur
998 2269 1206 2315 maxume,

214 2338 420 2379 Voluntas
445 2345 587 2378 uostra
611 2337 645 2378 si
669 2337 724 2378 ad
748 2340 913 2392 po‘e‘tam
940 2335 1171 2377 accesserit.

164 2419 196 2442 30
216 2405 326 2447 Date
352 2407 534 2460 operam,
560 2406 700 2447 adeste
726 2419 859 2458 aequo
883 2404 1021 2445 animo
1045 2418 1120 2458 per
1145 2403 1364 2452 silentium,

215 2474 279 2515 Ne
304 2473 426 2514 simili
450 2481 616 2514 utamur
639 2474 817 2522 fortuna,
843 2481 966 2526 atque
993 2473 1056 2512 usi
1081 2486 1224 2512 sumus

217 2541 356 2593 Quom
381 2543 455 2596 per
479 2542 701 2583 tumultum
728 2542 865 2582 noster
890 2556 991 2596 grex
1018 2540 1152 2580 motils
1176 2540 1324 2581 locost:

219 2609 357 2661 Quem
383 2610 533 2651 actoris
557 2611 690 2650 uirtus
714 2609 831 2650 nobis
857 2608 1032 2650 restituit
1056 2608 1193 2648 locum

218 2677 474 2731 Bonitasque
499 2685 639 2718 uostra
665 2677 854 2718 adiutans
880 2685 1002 2730 atque
1028 2676 1340 2729 aequanimitas.

1518 1053 1562 1087 10

1517 1395 1561 1429 15

1516 1735 1561 1770 20

1515 2076 1560 2111 25

1518 2419 1562 2453 30
