1700 2984
82 124 147 169 lv,
164 125 186 158 4

97 587 130 613 50

97 900 130 926 55

98 1277 130 1300 60

98 1650 130 1674 65

99 2026 131 2049 ΤΟ

685 120 890 156 HEOYRA
1341 106 1423 148 225

262 203 378 246 der
401 203 502 257 quid
526 202 664 252 faciat,
688 204 732 244 in
756 217 882 243 manu
905 215 990 242 non
1014 202 1077 241 est
1101 214 1205 241 mea.

261 264 349 307 Sed
372 266 473 319 quid
496 264 697 307 faciemus
721 264 874 320 puero?
920 262 1002 304 LA.
1027 261 1218 303 Ridicule
1243 274 1386 315 rogasx

262 326 478 380 Quidquid
501 326 740 376 futurumst,
767 326 863 367 huic
889 339 1007 367 suom
1031 323 1181 366 reddas
1207 323 1374 372 scilicet,

259 389 317 431 Vt
337 389 496 430 alamus
515 395 715 430 nostrum.
749 388 826 429 ΡΑ.
842 387 982 440 Quem
995 389 1083 442 ipse
1098 386 1277 427 neclexit
1295 392 1426 440 pater,
1451 387 1518 422 670

261 451 355 507 Ego
381 451 515 494 alam?
562 451 643 493 LA.
670 450 786 503 Quid
810 450 937 491 dixti?
968 450 1045 492 eho
1070 465 1123 491 an
1147 449 1229 490 non
1256 448 1426 491 alemus,

709 513 955 568 Pamphile?

259 576 492 618 Prodemus
517 589 672 630 quaeso
697 575 861 631 potius?
885 589 994 628 quae
1018 573 1121 616 haec
1146 571 1389 614 amentiast?

260 638 386 680 Enim
410 639 509 679 uero
535 652 703 693 prorsus
729 637 812 678 iam
837 644 973 679 tacere
996 638 1080 677 non
1105 650 1230 690 que03

259 700 370 742 Nam
395 700 508 756 cogis
534 715 583 742 ea
601 714 708 753 quae
732 699 829 741 nolo
854 707 901 740 ut
925 706 1140 754 praesente
1165 699 1244 739 hdo
1268 697 1427 751 loquar.

260 763 462 818 Ignarum
487 777 630 804 censes
655 764 820 802 tuarum
844 761 1125 803 lacrumarum
1149 761 1239 801 esse
1264 759 1356 800 me?
1453 757 1519 791 675

260 827 348 867 Aut
374 825 474 879 quid
499 825 551 866 sit
574 824 617 865 id
641 824 755 878 quod
780 823 997 865 sollicitere
1022 824 1075 865 ad
1099 822 1209 864 hunc
1233 821 1428 863 modum?

260 888 451 929 Primum
475 887 582 929 hanc
606 887 679 928 ubi
704 886 807 928 dixti
838 887 1019 936 causam,
1051 894 1091 928 te
1121 887 1289 941 propter
1314 892 1429 926 tuam

260 951 443 992 Matrem
467 965 551 991 non
574 963 696 1005 posse
720 949 876 991 habere
900 949 1008 991 hanc
1033 950 1205 990 uxore'm
1231 948 1356 997 domi,

259 1013 491 1054 Pollicitast
515 1027 564 1055 ea
589 1027 632 1054 se
658 1013 948 1053 concessuram
974 1027 1024 1053 ex
1051 1011 1236 1052 aedibus.

260 1075 383 1117 Nunc
407 1076 629 1130 postquam
654 1074 891 1129 ademptam
917 1074 1024 1116 hanc
1044 1074 1207 1128 qudque
1232 1072 1308 1114 tibi
1332 1086 1430 1115 cau·
1454 1075 1521 1110 680

709 1139 797 1178 sam
822 1136 953 1186 uides,

259 1200 374 1241 Puer
397 1199 495 1255 quia
520 1200 626 1242 clam
651 1207 691 1241 te
719 1207 780 1241 est
804 1201 940 1248 natus,
965 1206 1111 1240 nactus
1136 1199 1309 1241 alteram
1333 1214 1389 1242 es.

261 1262 400 1312 Erras,
427 1262 488 1304 tui
512 1261 639 1303 animi
663 1264 697 1303 si
722 1277 789 1304 me
815 1277 906 1304 esse
931 1262 1122 1317 ignarum
1148 1269 1283 1316 putas.

259 1325 503 1378 Aliquando
525 1325 693 1366 tandem
708 1324 790 1366 huc
809 1325 994 1365 animum
1014 1332 1059 1365 ut
1078 1324 1281 1380 adiungas
1301 1332 1429 1374 tuom,

262 1387 402 1440 Quam
427 1388 600 1442 longum
625 1387 805 1442 spatium
830 1387 996 1428 amandi
1021 1387 1196 1427 amicam
1221 1387 1296 1428 tibi
1316 1387 1429 1428 dedi!

254 1449 464 1504 ‘Sumptus
490 1463 594 1504 quos
620 1449 754 1491 fecisti
781 1451 825 1490 in
855 1464 946 1491 eam
971 1463 1097 1503 quam
1127 1449 1265 1491 animo
1296 1451 1430 1503 aequo
1455 1452 1522 1486 685

708 1511 803 1552 tuli!

261 1574 344 1629 Egi
369 1576 493 1627 atque
518 1574 634 1615 oraui
659 1575 797 1615 tecum
822 1589 997 1615 uxorem
1020 1581 1066 1615 ut
1092 1574 1277 1624 duceres,

260 1637 445 1691 Tempus
471 1636 557 1676 dixi
582 1651 690 1678 esse:
717 1636 887 1691 inpulsu
912 1635 1069 1677 duxisti
1094 1651 1198 1678 meo,

263 1697 405 1754 [Quae
430 1706 519 1740 tum
544 1699 767 1740 obsecutus
792 1699 893 1740 mihi
917 1699 1051 1741 fecisti
1078 1707 1124 1740 ut
1149 1699 1377 1756 decuerat.]

262 1761 386 1802 Nunc
427 1761 613 1802 animum
655 1776 819 1802 rursum
861 1761 914 1802 ad
956 1762 1214 1804 meretricem
1259 1763 1432 1804 adduxti

710 1832 846 1865 tuom:

264 1885 366 1941 [Cui
390 1893 435 1926 tu
461 1886 684 1927 obsecutus
710 1886 811 1928 facis
837 1886 933 1927 huic
960 1886 1062 1928 adeo
1088 1885 1313 1942 iniuriam]
1455 1895 1522 1929 690

260 1948 369 1989 Nam
393 1948 435 1989 in
460 1947 636 1990 eandem
662 1949 791 1991 uitam
817 1950 856 1989 te
882 1948 1120 1990 reuolutum
1146 1948 1283 1991 denuo

262 2011 397 2055 Video
423 2012 526 2053 esse.
585 2011 662 2052 ΡΑ.
689 2012 844 2053 Mene?
891 2012 969 2052 LA.
996 2012 1058 2053 Te
1082 2013 1237 2067 ipsum:
1264 2021 1303 2054 et
1328 2012 1430 2055 facis

711 2073 922 2114 iniuriam:

263 2135 483 2191 Confingis
509 2135 636 2177 falsas
663 2137 808 2177 causas
835 2136 888 2177 ad
913 2136 1173 2187 discordiam,

262 2199 321 2241 Vt
345 2213 439 2240 cum
463 2199 534 2240 illa
558 2199 690 2248 uiuas,
717 2201 865 2240 testem
883 2198 989 2240 hanc
1009 2213 1135 2253 quom
1155 2199 1229 2240 abs
1254 2207 1293 2241 te
1319 2201 1432 2241 amo-

710 2262 832 2303 ueris.

263 2323 486 2377 Sensitque
512 2323 615 2365 adeo
635 2339 757 2374 uxor3
784 2339 880 2364 nam
901 2326 938 2365 ei
963 2339 1089 2365 causa
1109 2324 1188 2365 alia
1207 2326 1313 2378 quae
1339 2325 1430 2375 fuit,
1456 2332 1522 2366 695

263 2386 403 2439 Quam
439 2386 493 2427 ob
533 2401 620 2427 rem
663 2387 737 2427 abs
781 2396 820 2428 te
863 2386 1019 2428 abiret?
1077 2387 1155 2428 PH.
1191 2387 1323 2429 Plane
1365 2388 1432 2430 hie

716 2449 893 2490 diuinat:
922 2465 1019 2490 nam
1044 2449 1086 2490 id
1110 2457 1183 2491 est.

102 2524 133 2549 τε»
151 2512 228 2553 ΡΑ.
266 2512 392 2553 Dabo
410 2511 474 2552 ius
493 2511 715 2553 iurandum
734 2512 789 2552 nil
811 2527 900 2554 esse
920 2512 1092 2553 istorum
1110 2511 1223 2553 mihi.
1251 2513 1331 2553 LA.
1345 2513 1430 2562 Ah,

266 2573 463 2615 Redduce
488 2589 675 2623 uxorem,
701 2582 772 2615 aut
796 2588 922 2628 quam
948 2574 1002 2615 db
1027 2588 1114 2616 rem
1139 2588 1222 2615 non
1252 2589 1356 2630 opus
1381 2577 1432 2616 sit

716 2636 830 2677 cedo.

224 2703 376 2729 Terentiae.
1165 2704 1208 2738 15
