1726 2984
116 165 243 209 V,1.2
301 192 304 195 .

71 536 77 542 ,
125 503 156 530 15
176 491 236 534 S1.

180 986 258 1029 Cn.

129 1125 162 1151 20
181 1112 258 1154 Cn.

182 1236 242 1280 S1.

115 1667 171 1699 v,2
185 1656 268 1697 DA.

186 1780 246 1824 SI.

184 1909 268 1952 DA.

151 2181 168 2209 5
185 2169 268 2210 DA.

186 2480 270 2521 DA.

714 158 913 194 ANDRIA
1395 138 1450 180 43

286 232 543 299 impet-rasti:
568 241 717 296 incepi,
743 240 843 281 dum
861 253 926 280 res
946 234 1094 278 tetulit.
1120 246 1232 275 nunc
1250 245 1332 272 non
1352 229 1450 270 fert:

295 354 304 366 Ι
731 302 853 344 feras.

285 367 407 409 Illam
431 366 528 408 hinc
552 365 687 408 ciuem
712 379 802 406 esse
826 363 959 410 aiiunt3
990 373 1094 415 puer
1118 364 1181 399 est
1205 357 1346 397 natus:
1376 367 1452 394 nos

731 426 880 467 missos
905 424 1010 465 face.

283 490 368 532 Per
398 504 475 546 ego
507 497 546 531 te
573 489 672 531 deos
698 490 783 538 oro,
815 495 861 528 ut
885 501 937 528 ne
961 485 1042 526 illis
1066 481 1252 524 animum
1281 478 1454 519 inducas

735 550 916 598 credere,

288 613 453 667 Quibus
478 614 520 655 id
540 629 734 655 maxume
752 613 905 661 utilest‚
930 610 1048 652 illum
1066 609 1157 649 esse
1175 619 1302 659 quam
1321 602 1456 643 deter-
1481 610 1548 645 835

736 690 915 716 rumum.

288 739 540 794 Nuptiarum
571 738 704 794 gratia
734 737 837 779 haec
869 742 964 777 sunt
995 733 1107 776 facta
1137 738 1261 785 atque
1292 729 1458 783 incepta

737 799 887 841 omnia.

288 849 374 905 Vbi
404 878 454 905 ea
484 877 623 912 causa,
659 876 785 916 quam
817 861 870 902 ob
907 874 993 901 rem
1030 857 1133 898 haec
1168 853 1347 904 faciunt,
1384 852 1460 894 erit

307 976 313 985 1
740 925 934 979 adempta
959 923 1035 971 his,
1062 919 1264 962 desinent.

290 987 436 1029 Erras:
480 1002 576 1028 cum
613 986 738 1028 Dauo
776 989 941 1042 egomet
983 984 1070 1026 uidi
1111 984 1346 1040 iurgantem
1388 994 1461 1020 an-

740 1049 890 1091 cillaim.
940 1047 1000 1090 S1.
1038 1046 1150 1089 Scio.

290 1113 402 1154 Vero
428 1113 558 1161 uoltu,
584 1127 712 1166 quom
736 1113 793 1153 ibi
818 1127 884 1154 me
905 1112 1048 1153 adesse
1067 1111 1213 1152 neuter
1231 1115 1319 1150 tum
1344 1122 1463 1163 prae-

742 1177 938 1216 se'nserat.

291 1236 450 1287 Credo,
493 1245 532 1279 et
573 1237 616 1278 id
652 1238 834 1280 facturas
869 1237 1016 1278 Dauos
1059 1235 1216 1277 dudum
1258 1232 1464 1289 praedixit
1488 1234 1556 1268 840

740 1300 860 1348 mihi;

293 1351 350 1404 Et
385 1363 525 1405 nescio
556 1363 627 1417 qui
663 1363 737 1404 tibi
768 1379 861 1404 sum
892 1363 1045 1404 oblitus
1076 1360 1220 1410 hodie,
1257 1373 1306 1402 ac
1335 1358 1464 1408 uolui,

748 1426 896 1467 dicere.

341 1527 531 1569 DAvos
591 1526 853 1569 CHREMES
912 1527 1049 1570 SIMo
1108 1524 1308 1567 DROMo

364 1599 510 1627 SERVOS
653 1599 773 1626 anns
953 1599 983 1624 11
1107 1597 1300 1624 LORARIVS

300 1644 456 1697 Animo
493 1656 688 1697 nunciam
725 1656 857 1697 otioso
894 1670 983 1696 esse
1018 1655 1188 1708 impero.
1257 1652 1334 1695 Cn.
1385 1652 1466 1693 Em

317 1769 324 1779 Ι
746 1719 916 1760 Dauom
941 1716 1032 1758 tibi!

295 1782 419 1824 Vnde
445 1782 680 1837 egreditur?
718 1782 801 1823 DA.
833 1782 934 1823 Meo
961 1779 1165 1835 praesidio
1185 1786 1308 1831 atque
1328 1778 1468 1834 hospi-

317 1899 323 1908 ,
745 1846 808 1886 tis.
848 1845 907 1887 SI.
940 1844 1055 1896 Quid
1079 1843 1182 1884 illud
1206 1842 1368 1883 malist?

300 1910 394 1965 Ego
421 1908 744 1953 commodiorem
775 1908 999 1956 hominem,
1032 1908 1274 1955 aduentum,
1304 1908 1468 1961 tempus

746 1987 830 2014 non
854 1972 953 2013 uidi.
1004 1970 1063 2013 81.
1102 1970 1264 2019 Scelus,

298 2038 437 2092 Quem
462 2052 559 2080 nam
584 2036 651 2078 hic
675 2036 842 2077 laudat?
890 2035 973 2076 DA.
1013 2020 1163 2075 Omnis
1194 2048 1260 2075 res
1293 2040 1354 2074 est
1385 2032 1468 2073 iam
1492 2045 1559 2080 845

747 2102 790 2141 in
814 2099 937 2140 uado.
987 2097 1046 2140 SI.
1086 2096 1216 2138 Cesso
1242 2096 1436 2150 aidloqui?

301 2155 410 2208 Erus
448 2172 527 2208 est:
565 2163 666 2217 quid
703 2162 851 2218 agam?
903 2160 966 2221 'SL
1011 2158 1052 2201 Ο
1084 2160 1212 2209 salue,
1249 2160 1356 2200 bone
1391 2159 1467 2199 uir.

747 2225 831 2265 DA.
886 2224 1021 2265 Ehem
1071 2222 1207 2272 Simo,
1257 2237 1281 2264 o
1329 2223 1468 2263 noste'r

319 2340 326 2351 1
749 2286 965 2335 Chremes,

300 2353 456 2395 Omnia
502 2352 702 2407 adparzita
741 2350 825 2391 iam
867 2357 963 2390 sunt
1008 2350 1132 2389 intus.
1193 2345 1253 2390 SI.
1302 2345 1471 2389 Curasti

748 2413 892 2468 probe.

302 2466 387 2520 Vbi
412 2478 542 2526 uoles,
569 2478 745 2518 accerse.
786 2474 845 2517 SI.
879 2475 997 2515 Bene
1024 2487 1140 2522 sane3
1166 2472 1209 2513 id
1233 2472 1344 2514 enim
1369 2486 1469 2514 uero

316 2592 321 2601 ,
749 2538 846 2579 hinc
870 2538 980 2578 nunc
1006 2536 1135 2577 abest.

299 2603 440 2645 Etiam
469 2610 515 2644 tu
544 2602 624 2644 hoc
652 2599 872 2656 responde,
908 2599 1008 2652 quid
1039 2599 1131 2639 istic
1161 2597 1237 2638 tibi
1265 2598 1470 2653 negotist?

748 2663 831 2704 DA.
865 2662 1052 2704 Mihine‘?
1101 2659 1160 2704 SI.
1194 2661 1272 2703 Ita„
