1726 2984
2 2882 24 2984 §.u-
0 2658 5 2670 η

700 134 826 170 VITA
851 131 1074 168 TERENTI
1506 120 1533 160 5

163 217 246 244 ed.R.
341 215 430 250 Post
452 215 568 250 editas
590 227 649 249 sex
671 214 889 257 comoedias,
912 213 1072 247 nondum
1095 211 1260 256 quintum
1278 213 1387 254 atque
1404 208 1531 243 uicesi-

162 259 190 284 P·
204 253 236 312 352
253 283 348 306 mum
371 283 537 318 egressus
560 283 703 314 annum,
727 270 839 305 animi
861 281 971 305 eausa.
987 281 1045 304 seu
1061 268 1234 303 uitandae
1251 266 1442 313 opinionis,
1461 276 1532 310 qua

252 328 445 363 uidebatur
471 328 591 363 aliena
618 339 683 373 pro
711 327 783 361 suis
813 327 938 370 edere,
968 337 1032 361 seu
1060 324 1285 371 percipiendi
1309 323 1532 358 Graecorum

252 384 417 419 instituta
438 395 644 429 moresque,
673 395 762 429 quos
790 394 862 418 non
889 383 1040 429 perinde
1070 381 1289 428 exprimeret
1314 380 1353 414 in
1376 378 1531 424 scripti5‚

255 452 418 486 egressus
446 443 528 475 urbe
551 444 605 475 est
627 451 744 486 neque
777 440 932 485 amplius
961 439 1079 474 rediit.
1129 439 1175 473 de
1204 440 1318 472 morte
1347 436 1423 471 eius
1445 434 1530 470 Vol-
1556 434 1579 468 5

254 497 374 532 cacius
391 497 443 532 sic
459 498 586 532 tradit:

197 576 230 601 10
299 564 371 599 Sed
387 569 428 599 ut
446 552 539 600 Afer
554 566 687 611 populo
705 565 766 600 sex
783 564 885 600 dedit
901 562 1118 607 comoedias,

298 621 373 655 Iter
389 620 473 656 hinc
489 622 526 656 in
543 623 670 656 Asiam
687 620 785 657 fe'cit.
834 632 964 656 nauem
981 628 1091 656 autem
1108 617 1148 654 uit
1165 619 1277 653 semel

299 676 527 723 Conscendit,
545 679 643 713 uisus
660 677 855 724 numquam
873 682 943 712 est:
963 677 1014 712 sic
1030 676 1107 712 uita'.
1123 680 1240 711 uacat.

253 745 294 787 Q.
314 745 508 781 Cosconius
531 748 742 782 redeuntem
760 758 778 781 e
798 746 955 781 Graecia
976 746 1114 791 perisse
1136 744 1174 778 in
1196 744 1287 778 mari
1310 748 1324 763 ·
1342 743 1422 776 sinu
1438 742 1532 775 Leu-
1559 741 1602 775 10

253 803 380 838 cadiae
398 808 413 824 *
436 803 524 838 dicit
546 816 625 838 cum
644 803 697 848 [C.
717 808 753 838 et
769 803 890 848 V111.]
914 802 1048 837 fabulis
1072 801 1254 836 conuersis
1277 813 1299 835 a
1322 799 1532 834 Menandro.

198 869 230 894 15
254 860 365 894 ceteri
393 864 571 894 mortuum
601 872 679 894 esse
706 860 743 894 in
772 860 934 894 Arcadia
958 858 1164 904 Stymphali
1194 858 1289 902 [sinu
1309 855 1533 899 Leucadiae]

162 933 190 958 p.
204 927 235 951 33
254 918 402 951 tradunt
420 917 482 951 Cn.
503 917 667 952 Cornelio
685 917 879 951 Dolabella
896 917 944 950 M.
964 916 1094 950 Fuluio
1112 915 1297 950 Nobiliore
1314 913 1532 956 consulibus,

254 974 377 1008 morbo
394 974 608 1019 implicitum
627 974 729 1018 [acri]
749 985 792 1008 ex
809 974 931 1008 dolore
949 984 992 1007 ac
1008 973 1129 1007 taedio
1147 972 1358 1006 amissarum
1376 971 1531 1006 sarcina-

255 1042 343 1074 rum,
361 1041 451 1074 quas
468 1031 505 1064 in
522 1042 614 1065 naue
631 1031 881 1076 praemiserat,
900 1041 943 1064 ac
960 1030 1065 1064 simul
1082 1029 1299 1072 fabularum,
1318 1039 1407 1073 quas
1421 1038 1533 1061 nouas
1559 1027 1602 1060 15

255 1086 404 1121 fecerat.

344 1144 471 1178 Fuisse
503 1144 635 1179 dicitur
666 1144 838 1179 mediocri
871 1148 1025 1187 statura,
1059 1142 1189 1189 gracili
1218 1153 1383 1188 corpore,
1417 1141 1534 1176 colore

215 1210 231 1235 5
255 1200 366 1235 fusco.
414 1201 561 1245 reliquit
583 1201 713 1245 filiam,
738 1212 829 1246 quae
853 1204 934 1246 post
957 1201 1071 1245 equiti
1092 1201 1256 1234 Romano
1278 1198 1418 1245 nupsit,
1447 1198 1535 1232 item

254 1258 414 1294 hortulos
431 1258 505 1292 XX
521 1258 687 1304 iugerum
703 1258 764 1292 uia
777 1258 901 1303 Appia
918 1258 964 1292 ad
982 1257 1109 1292 Martis
1128 1257 1293 1301 [uillam]
1328 1266 1400 1300 quo
1417 1255 1535 1301 magis

255 1315 364 1349 miror
380 1315 548 1349 Porcium
566 1315 741 1349 scribere:
1558 1312 1603 1346 20

303 1381 424 1428 Scipio
442 1384 492 1417 nil
509 1382 657 1429 prdfuit,
675 1383 725 1417 nil
742 1381 901 1426 Laelius,
919 1382 970 1416 nil
988 1380 1130 1426 Fiirius,

302 1439 393 1475 Tres
410 1451 475 1485 per
492 1440 529 1474 id
546 1438 687 1485 tempus
705 1440 767 1485 qui
784 1440 975 1485 agitabant
992 1438 1131 1474 nobiles
1149 1438 1349 1473 facillume:

301 1496 435 1532 Eo'rum
452 1497 514 1531 ille
532 1508 642 1542 opera
659 1495 703 1531 ne
722 1497 867 1530 domum
884 1497 1030 1541 quidem
1047 1495 1175 1530 habuit
1193 1493 1467 1539 conducticiam,

304 1554 439 1588 Saltem
456 1558 495 1588 ut
513 1558 607 1588 esset
624 1552 693 1599 quo
711 1553 864 1588 referret
881 1552 1020 1588 &bitum
1038 1552 1171 1587 domini
1191 1551 1362 1587 sei-nolus.

348 1622 454 1657 Hunc
471 1622 645 1656 Afranius
668 1622 814 1666 quidem
837 1622 1000 1656 omnibus
1025 1621 1171 1656 comicis
1194 1620 1355 1666 praefert
1377 1620 1536 1656 scribens
1560 1621 1605 1656 25

258 1681 295 1714 in
313 1679 591 1725 Compitalibus:

204 1752 234 1775 10
305 1743 454 1778 Terenti
472 1755 595 1776 numne
612 1740 767 1776 similem
786 1741 903 1775 dicent
921 1739 1153 1786 quempiam?

169 1827 196 1852 p.
211 1821 243 1845 34
261 1812 452 1848 Volcacius
476 1815 596 1845 autem
618 1822 688 1845 non
712 1810 826 1844 solum
849 1809 989 1844 Naeuio
1013 1813 1049 1843 et
1071 1809 1202 1843 Plauto
1227 1812 1263 1843 et
1280 1808 1449 1853 Caecilio,
1475 1810 1538 1844 sed

260 1869 401 1904 Licinio
419 1879 560 1913 quoque
579 1871 615 1902 et
631 1868 745 1901 Atilio
762 1866 956 1912 postponit.
998 1866 1124 1901 Cicero
1141 1867 1177 1900 in
1195 1866 1346 1900 Limone
1364 1866 1538 1901 hactenus

261 1927 402 1961 laudat:
1563 1924 1608 1959 30

306 1983 365 2017 Tu
381 1992 537 2028 quoque,
556 1981 618 2026 qui
636 1981 730 2015 solus
747 1981 841 2015 lecto
859 1991 1033 2024 sermone,
1052 1979 1213 2023 Terenti,

307 2039 527 2074 Conuersum
546 2049 825 2083 expressumque
842 2037 976 2071 Latina
992 2048 1080 2071 uoce
1100 2037 1337 2071 Menandrum

222 2106 238 2130 5
307 2097 349 2130 In
366 2096 523 2130 medium
541 2095 644 2129 nobis
662 2095 797 2129 sedatis
815 2094 964 2128 motibus
983 2094 1099 2137 effers,

308 2153 488 2195 Quiddam
507 2164 605 2187 come
623 2152 772 2196 loquens
790 2155 898 2196 atque
916 2151 1035 2185 omnia
1053 2150 1173 2185 dulcia
1190 2151 1348 2187 miscens

263 2223 355 2256 Item
373 2220 411 2255 C.
431 2220 580 2255 Caesar:
1567 2222 1612 2256 35

309 2279 367 2312 Tu
385 2289 539 2323 quoque,
556 2281 596 2311 tu
611 2278 649 2311 in
666 2277 824 2320 summis,
843 2288 862 2311 o
882 2277 1068 2311 dimidiate
1087 2276 1298 2321 Menander,

309 2335 472 2379 Poneris,
490 2339 526 2369 et
542 2335 679 2378 merito,
698 2334 779 2379 puri
796 2334 968 2368 sermonis
987 2338 1134 2367 amator.

209 2402 241 2425 10
309 2391 471 2425 Lenibus
488 2395 596 2436 atque
614 2392 752 2425 utinam
769 2391 913 2436 scriptis
930 2391 1101 2424 adiuncta
1118 2391 1212 2424 foret
1229 2391 1297 2435 uis,

311 2448 457 2482 Comica
473 2452 511 2481 ut
528 2452 681 2493 aequato
699 2448 813 2481 uirtus
830 2448 985 2492 polleret
1000 2448 1134 2482 honore

312 2504 401 2538 Cum
420 2504 570 2539 Graecis
588 2516 676 2539 neue
694 2505 762 2539 hac
780 2505 972 2549 despectus
989 2509 1092 2549 parte
1109 2504 1264 2539 iaceres!
1568 2504 1613 2540 40

314 2562 432 2597 Vnum
449 2562 517 2595 hoc
533 2572 694 2596 maceror
710 2572 752 2596 ac
770 2561 874 2596 doleo
891 2561 958 2595 tibi
977 2562 1091 2604 desse,
1111 2561 1270 2596 Terenti.
