1700 2984
253 189 306 232 86

159 534 227 569 815
251 528 326 570 CL.

249 776 323 818 CL.

157 906 224 941 820
250 901 319 943 SY.

250 1088 324 1130 CL,

249 1337 324 1380 CL.

157 1406 224 1441 825
250 1399 324 1442 CL.

251 1898 329 1941 Cn.

160 2029 227 2064 830
252 2023 329 2065 CH.

253 2146 330 2189 Cn.

162 2527 229 2562 835
255 2522 332 2563 CH.

571 197 817 233 HEAVTON
841 197 1206 235 TIMORVMENOS
1437 198 1504 244 IV,
1521 199 1553 234 6.
1573 197 1594 234 7

363 278 475 322 Cum
497 279 602 322 istoc
626 279 798 321 inuento
823 280 1001 334 cumque
1025 280 1191 336 incepto
1216 278 1429 335 perduint!

361 343 501 383 Huius
526 341 638 382 modi
661 341 719 382 mi
743 356 808 383 res
834 343 996 397 semper
1020 343 1345 390 comminiscere,

362 405 447 446 Vbi
465 419 531 446 me
551 403 844 445 excarnufices.
885 402 954 445 Sy,
979 391 1073 446 ibin
1086 404 1182 446 hinc
1196 419 1277 459 quo
1292 404 1443 460 dignus
1459 403 1527 445 es?

364 466 504 518 Quam
528 468 660 521 paene
684 474 756 508 tua
780 481 846 508 me
869 466 1049 521 perdidit
1072 466 1339 522 proteruitasl
1545 478 1577 503 10

364 529 529 572 Vellem
553 528 690 570 hercle
710 528 880 577 factum,
906 528 963 570 ita
981 530 1177 571 meritu's.
1228 528 1297 572 SY.
1323 527 1525 571 Meritus?

808 591 888 644 qud
912 591 1062 632 modo?

360 652 427 694 Ne
451 668 518 694 me
541 655 648 695 istuc
673 668 724 694 ex
749 660 789 694 te
813 655 927 708 prius
954 654 1118 696 audisse
1143 654 1318 710 gaudee,

364 714 503 766 Quam
528 717 747 770 argentum
771 714 958 765 haberes,
985 716 1095 770 quod
1120 717 1291 757 daturus
1315 716 1398 756 iam
1422 714 1494 756 fui.

363 776 479 829 Quid
501 778 629 833 igitur
653 778 789 819 dicam
813 778 888 819 tibi
912 777 1002 819 uis?
1025 781 1045 830 †
1071 779 1192 820 abisti
1216 778 1318 819 mihi

360 840 554 881 Amicam
580 840 765 888 adduxti,
790 842 916 894 quam
939 855 1023 881 non
1047 841 1245 882 licitumst
1269 842 1453 895 tangere.
1546 849 1577 876 15

357 902 449 942 Iam
473 903 555 942 non
580 917 671 943 sum
696 902 838 943 iratus.
888 902 960 943 sed
985 903 1073 944 scin
1099 903 1168 943 ubi
1194 916 1306 944 nunc
1330 904 1381 943 sit
1406 901 1480 942 tibi

360 963 455 1005 Tua
469 964 671 1006 Bacchis?
714 963 788 1007 CL.
816 965 944 1019 Apud
964 979 1049 1006 nos.
1095 964 1165 1007 ΞΥ.
1192 964 1301 1006 Non.
1351 962 1426 1005 CL.
1440 963 1526 1006 Vbi

807 1027 931 1082 ergo?
991 1025 1062 1068 SY.
1101 1027 1231 1082 Apud
1257 1025 1450 1068 Cliniam.

360 1088 486 1131 Perii.
537 1088 607 1131 SY.
633 1089 754 1131 Bono
773 1089 910 1130 animo
931 1104 993 1130 es:
1020 1089 1103 1131 iam
1122 1091 1341 1144 argentum
1361 1088 1413 1129 ad
1434 1103 1525 1129 eam

808 1151 983 1200 deferes,

361 1212 488 1265 Quod
513 1214 550 1254 ei
574 1212 808 1268 pollicitu’s.
871 1212 945 1254 CL.
985 1211 1142 1254 Garris.
1191 1213 1327 1254 unde?
1387 1211 1456 1253 ΞΥ.
1483 1212 1526 1252 Α

806 1275 876 1316 tuo
899 1283 1028 1335 patre.

360 1337 495 1378 Ludis
520 1337 695 1379 fortasse
719 1337 810 1378 me?
871 1335 940 1378 SY.
976 1337 1075 1392 Ipsa
1098 1352 1142 1378 re
1169 1337 1420 1392 experibere.
1543 1348 1576 1372 20

361 1400 426 1441 Ne
453 1414 530 1454 ego
556 1399 677 1440 homo
703 1414 796 1440 sum
820 1399 1072 1441 fortunatus:
1098 1399 1244 1441 deamo
1268 1401 1321 1448 te,
1350 1398 1466 1453 Syre.

311 1496 317 1503 .
363 1461 450 1504 Sed
478 1464 596 1517 pater
626 1461 847 1517 egreditur.
902 1463 1004 1503 caue
1040 1461 1263 1515 quicquam
1299 1461 1524 1502 admiratus

809 1539 863 1564 sis

361 1585 458 1638 Qua
482 1587 607 1629 causa
630 1586 673 1626 id
696 1586 786 1635 fiat3
813 1555 1094 1627 ob'secundato
1118 1586 1161 1626 in
1185 1585 1275 1627 loco
1284 1601 1294 1635 3

363 1648 489 1700 Quod
512 1647 731 1703 imperabit
755 1647 901 1697 facit03
926 1647 1107 1701 loquitor
1130 1647 1321 1703 paucula.

441 1772 701 1815 CHREMES
789 1770 1068 1814 CLITIPHO
1158 1770 1334 1813 Sans

506 1844 630 1871 SENEX
798 1843 1052 1870 ADVLESCENS
1172 1843 1318 1869 smwos

367 1898 451 1941 Vbi
484 1895 668 1952 Clitipho
699 1896 766 1938 hic
795 1897 881 1938 est?
942 1896 1011 1937 SY.
1050 1885 1228 1937 ‘Eccum
1259 1896 1341 1937 me’
1379 1896 1593 1950 inque.1v,7

811 1957 884 2000 CL.
922 1958 1082 1999 Eccum
1106 1958 1173 1999 hic
1197 1958 1285 1999 tibi.

367 2022 482 2074 Quid
517 2021 578 2063 rei
614 2022 722 2062 esset
759 2021 860 2062 dixti
897 2020 1018 2062 huic?
1078 2019 1147 2062 SY.
1191 2020 1293 2061 Dixi
1329 2020 1526 2075 pleraque

811 2083 959 2124 omnia.

370 2146 488 2202 Cape
512 2145 588 2187 hdo
613 2152 831 2199 argentum
857 2160 904 2186 ac
929 2144 1056 2186 de'fer.
1118 2144 1188 2186 Sy,
1226 2144 1267 2186 1:
1299 2144 1398 2198 quid
1429 2146 1525 2194 stas,

809 2207 939 2262 lapis?

364 2270 479 2323 Quin
503 2270 681 2325 accipis?
728 2268 803 2311 CL.
831 2268 947 2318 Cedo
973 2271 1084 2311 sane.
1135 2268 1205 2310 SY.
1240 2267 1425 2322 Sequere
1449 2269 1526 2311 hac

813 2347 878 2373 me
902 2332 1027 2373 ocius.

365 2396 432 2437 Tu
457 2395 524 2436 hic
549 2396 634 2443 nos,
660 2395 759 2435 dum
785 2394 958 2443 eximus,
983 2396 1141 2435 interea
1166 2394 1424 2449 opperibere3
1561 2406 1578 2432 5

364 2458 474 2499 Nam
499 2458 557 2498 nil
582 2464 644 2498 est
666 2457 750 2498 illic
775 2457 886 2510 quod
911 2470 1120 2497 moremur
1144 2456 1310 2497 diutius.
1336 2480 1390 2486 —

369 2520 509 2561 Minas
535 2519 703 2573 quidem
728 2519 810 2559 iam
836 2519 978 2559 decem
1003 2518 1128 2559 habet
1154 2534 1178 2559 a
1202 2534 1267 2560 me
1292 2519 1391 2568 filia,

368 2582 484 2633 Quas
510 2582 583 2637 prc')
609 2581 813 2622 alimentis
838 2582 927 2622 esse
953 2595 1064 2621 nunc
1089 2580 1194 2621 ducd
1219 2581 1352 2630 datas3

365 2646 506 2686 Hasce
530 2644 778 2684 ornamentis
803 2644 1104 2696 consequentur
1127 2643 1298 2692 alterae3

364 2707 496 2752 Porro
520 2707 623 2748 haec
649 2706 803 2747 talenta
827 2705 930 2746 dotis
957 2705 1185 2764 adposci'mt
1211 2705 1305 2748 duo.
1546 2719 1578 2747 10
