1726 2984
85 164 154 210 1‚2

156 370 217 414 SI.

107 694 138 719 15
158 682 216 724 SI.

161 1428 244 1470 DA.

162 1678 245 1722 DA.

690 164 886 200 ANDRIA
1371 149 1423 193 15

265 247 431 288 Astute.
480 245 539 288 SI.
578 244 793 287 Carnufessx
817 260 924 300 quae
949 244 1155 299 loquitur?
1201 244 1282 286 DA.
1314 232 1424 284 Erus

713 314 788 357 est,
812 322 948 361 neque
971 307 1249 363 prouideram.

265 371 400 413 Daue.
449 370 532 413 DA.
559 371 684 420 Hem,
706 370 806 424 quid
825 371 911 412 est?
959 369 1019 412 SI.
1044 369 1138 411 Eho
1158 369 1258 410 dum
1277 368 1330 409 ad
1348 383 1426 410 me.

712 432 796 475 DA.
807 432 923 484 Quid
936 432 1003 473 hio
1016 432 1128 473 uolt?
1143 430 1203 473 S1.
1213 430 1328 483 Quid
1341 431 1427 472 a'is?

713 494 797 536 DA.
825 493 923 546 Qua
948 494 999 535 de
1023 494 1093 535 re?
1141 493 1200 535 SI.
1227 494 1394 549 Rogas?

267 557 413 599 Meum
438 557 611 613 gnetum
631 571 773 598 rumor
791 558 853 598 est
872 571 1023 599 amare.
1071 556 1154 599 DA.
1180 557 1231 597 Id
1249 557 1427 611 pepulus
1455 556 1520 590 185

715 626 832 660 curat
857 619 1025 660 scilicet.

268 683 429 724 Hocine
449 683 538 738 agis
559 698 611 724 an
630 683 738 724 non?
774 682 857 723 DA.
884 671 979 737 Ego
992 696 1092 722 uero
1111 681 1229 724 istuc.
1269 680 1328 723 S1.
1345 681 1431 723 Sed

715 759 826 785 nune
851 759 900 785 ea
923 760 989 786 me
1015 745 1229 797 exquirere

270 807 408 861 Iniqui
433 807 561 862 patris
586 815 666 857 est3
698 808 795 848 nem
819 807 933 860 quod
957 806 1132 848 antehac
1162 806 1273 856 feeit,
1298 807 1355 847 nil
1379 807 1433 847 ad

714 883 781 910 me
807 869 964 910 ettinet.

270 930 385 972 Dum
415 933 578 987 tempus
609 931 661 973 ad
692 947 785 973 eam
808 933 895 972 rem
921 931 1026 980 tulit,
1058 931 1150 981 siui,
1182 931 1365 972 {mimum
1388 938 1434 973 ut

718 994 906 1048 expleret
931 1008 1049 1034 suom
1058 1010 1068 1042 3

271 1055 394 1096 Nune
430 1056 495 1097 hio
532 1056 620 1097 dies
657 1056 778 1098 aliam
810 1056 940 1097 uitam
971 1056 1124 1105 adfert,
1161 1055 1263 1097 elios
1298 1071 1433 1097 mores

720 1119 920 1174 pestulat:

272 1180 438 1222 Dehine
468 1181 631 1236 pestulo
662 1181 750 1223 siue
782 1183 999 1235 aequomst
1030 1188 1069 1222 te
1102 1195 1187 1230 om,
1220 1181 1356 1231 Daue,
1388 1189 1435 1222 ut
1460 1188 1525 1222 190

719 1244 861 1285 redeat
885 1244 968 1284 iam
994 1244 1036 1284 1'n
1061 1244 1185 1285 uiam.

274 1306 369 1347 Hoo
405 1306 506 1360 quid
543 1307 621 1348 sit?
657 1322 814 1356 omnes,
852 1307 923 1360 qu1‘
955 1314 1109 1355 amant,
1146 1307 1330 1361 grauiter
1359 1308 1437 1348 sibi

722 1369 810 1410 dari
835 1371 1007 1410 uxorem
1033 1369 1183 1410 ferunt.

277 1429 342 1471 Ita
372 1431 498 1472 aiunt,
560 1431 619 1473 SI.
651 1431 762 1472 Tum
794 1432 827 1472 si
858 1432 950 1485 qul's
981 1431 1226 1486 magistrum
1252 1432 1360 1487 cepit
1384 1432 1438 1477 ad

723 1509 814 1535 eam
840 1509 927 1535 rem
952 1494 1188 1549 inprobum,

274 1555 419 1610 Ipsum
449 1556 634 1597 {mimum
665 1564 883 1611 aegrotum
915 1556 968 1597 ad
1000 1556 1246 1598 deteriorem
1277 1557 1436 1612 pertem

722 1619 968 1673 plerumque
994 1619 1187 1674 edplieat.

276 1679 371 1721 Non
397 1679 534 1722 hercle
556 1680 766 1736 intellege,
817 1679 876 1722 S1.
904 1681 1025 1722 Non?
1055 1681 1164 1724 hem.
1212 1681 1296 1723 DA.
1323 1682 1437 1724 Non:

722 1743 870 1785 Dauos
894 1759 1001 1793 sum,
1026 1759 1110 1785 non
1136 1743 1341 1800 Oedipus.

164 1803 222 1847 SI.
270 1805 432 1860 Nempe
468 1807 568 1861 ergo
605 1813 746 1861 aperte
783 1808 846 1847 u1's
878 1821 985 1860 quae
1016 1814 1172 1849 restant
1203 1810 1269 1849 me
1300 1808 1438 1862 loqui?
1463 1809 1529 1843 195

113 1943 145 1968 25
166 1930 224 1973 S1.

114 2380 146 2406 30

167 2617 226 2660 SI.

723 1869 805 1910 DA.
838 1869 950 1911 Sane
975 1870 1155 1924 quidem.

274 1930 321 1972 Si
345 1931 512 1972 sensero
538 1931 661 1972 hodie
686 1933 909 1985 quicquam
935 1932 977 1973 in
1002 1932 1064 1973 his
1090 1940 1130 1974 te
1155 1933 1310 1988 nuptiis

274 1993 312 2034 F
314 1993 484 2035 alleciae
510 1995 662 2044 conari,
688 2009 770 2048 quo
796 1995 896 2035 fiant
920 1995 1072 2045 minus,

276 2057 363 2097 Aut
388 2057 496 2098 uelle
520 2057 561 2098 in
587 2073 637 2099 ea
660 2073 704 2098 re
729 2058 903 2106 ostendi,
930 2073 1055 2112 quam
1080 2058 1135 2099 sis
1162 2058 1354 2102 callidus:

275 2119 531 2162 Verberibus
552 2134 718 2161 caesum
740 2127 779 2161 te
802 2121 844 2160 1'n
868 2120 1100 2175 pistrinum,
1127 2120 1263 2170 Deue,
1290 2121 1440 2162 dedam

721 2197 854 2236 usque
879 2183 933 2223 ad
955 2197 1113 2232 necem,

276 2243 340 2285 Ea
370 2244 463 2298 lege
495 2252 620 2298 atque
651 2245 801 2293 omine,
839 2246 896 2294 ut,
935 2246 967 2286 si
1002 2253 1041 2286 te
1072 2246 1168 2286 inde
1200 2246 1438 2296 exemerim,
1463 2248 1531 2283 200

723 2321 802 2362 ego
826 2322 901 2362 pro
927 2309 966 2348 te
991 2309 1156 2349 molam.

278 2367 406 2420 Quid,
439 2369 516 2410 hoc
541 2369 797 2411 intellextin‘?
828 2371 880 2410 an
906 2385 988 2411 non
1014 2371 1112 2412 dum
1139 2371 1261 2412 etiam
1286 2386 1337 2412 ne
1362 2371 1440 2413 heo

725 2432 920 2486 quidem?
977 2433 1061 2474 DA.
1106 2434 1240 2474 Immo
1272 2433 1439 2475 czillide:

277 2493 341 2533 Ita
371 2495 511 2547 aperte
541 2494 674 2549 ipsam
705 2509 790 2536 rem
822 2495 945 2536 medo
976 2496 1165 2545 loeutu’s,
1197 2496 1254 2537 nss
1285 2496 1439 2537 circum

723 2557 849 2598 itione
876 2558 974 2598 usus
1001 2573 1056 2599 es.

277 2618 424 2660 Vbiuis
461 2619 623 2660 facilius
661 2620 809 2674 pessus
846 2620 922 2660 sim
958 2635 1084 2674 quam
1121 2620 1161 2661 in
1193 2621 1270 2662 heo
1300 2636 1343 2662 re
1374 2637 1440 2663 me

715 2683 911 2725 deludier.
