1700 2984
127 220 197 266 111,
213 221 235 255 2
705 219 933 256 PHORMlo
1393 206 1469 249 171

145 810 178 836 80

144 1371 178 1398 35

145 2622 179 2647 45

195 302 272 344 Pu.
304 300 516 343 Vendidit.
586 299 671 341 Do.
722 300 861 353 Quam
907 300 1125 355 indignum
1172 298 1352 347 facinus,
1400 300 1474 339 dn-

754 363 890 404 cillam
915 378 1008 404 aere
1034 363 1216 417 emptfim
1240 360 1351 403 meo}

195 426 274 468 Pu.
303 424 479 479 Nequeo
516 439 686 466 exorare
721 426 766 466 1'1t
802 440 867 466 me
905 432 1070 466 maneat
1105 426 1146 465 et
1187 438 1281 465 oum
1322 423 1391 464 illo
1429 428 1472 464 ut

755 489 886 528 mutet
909 488 1033 528 fidem

309 549 511 590 Triduom
547 548 644 598 hoc,
682 549 781 591 dum
816 550 858 590 id
895 550 1002 603 quod
1040 556 1101 590 est
1136 548 1384 603 promissum
1419 547 1472 588 ab

755 611 896 652 amicis
922 618 1139 666 argentum
1164 611 1320 652 alifero.

310 672 357 715 Si
391 687 476 714 non
511 679 600 713 tum
637 673 802 722 dedero,
839 689 963 714 unam
1000 681 1214 728 praeterea
1249 672 1390 713 horam
1420 685 1472 712 ne

756 737 951 790 oppertus
979 736 1069 776 sies,

196 797 279 839 Do.
307 795 554 839 Obtundes?
606 797 688 838 AN.
726 798 855 838 Haud
890 798 1103 853 longumst
1138 797 1181 838 id
1217 797 1329 851 quod
1365 797 1472 837 orat:
1497 805 1564 840 515

754 861 897 901 exore't
926 860 1025 902 sine.

308 909 426 963 Idem
446 921 512 963 hic
532 921 620 970 tibi,
641 922 753 976 quod
773 922 871 963 boni
890 922 1137 977 promeritus
1158 921 1297 970 flieris,
1318 919 1474 962 condu-

757 984 984 1039 plicziuerit.

196 1047 280 1089 Do.
306 1047 448 1090 Verba
477 1046 604 1088 istaec
635 1053 743 1088 sunt.
803 1048 884 1087 AN.
915 1046 1234 1102 Pamphilamne
1265 1045 1342 1087 hac
1371 1044 1474 1086 Urbe

756 1109 911 1164 priuari
936 1109 1070 1150 sines?

305 1172 415 1214 Tt'un
429 1180 642 1228 praeterea
653 1172 811 1213 horl'mc
824 1187 1007 1213 amorem
1019 1171 1188 1212 distrahi
1198 1172 1357 1226 poterin
1369 1169 1474 1225 pati?

193 1234 278 1277 Do.
304 1234 452 1289 Neque
477 1250 555 1291 ego
580 1249 715 1288 neque
740 1242 797 1275 tu.
848 1233 926 1276 GE.
947 1234 1006 1274 Di
1032 1234 1105 1275 tibi
1130 1248 1272 1275 omnes
1296 1233 1338 1273 id
1363 1232 1474 1286 quod

755 1312 798 1338 es
824 1297 975 1352 dignus
1001 1296 1135 1337 duint!

195 1359 279 1402 Do.
304 1359 399 1415 Ego
447 1367 486 1401 te
535 1359 757 1414 compluris
800 1359 1024 1400 aduorsum
1073 1359 1286 1413 ingenium
1335 1372 1473 1398 meum
1497 1360 1564 1394 520

757 1424 909 1463 mensis
936 1422 1024 1470 tuli,

305 1485 610 1526 Pollicitantem
632 1492 672 1526 et
689 1485 747 1525 nil
765 1485 980 1533 ferentem,
995 1485 1179 1533 flentem3
1202 1497 1312 1524 nunc
1331 1489 1474 1523 contra

756 1547 892 1588 omnia
917 1547 1038 1588 haec:

307 1610 490 1665 Repperi
509 1610 579 1665 qui
605 1610 674 1651 de't
698 1624 834 1664 neque
858 1611 1076 1651 lacrumet:
1103 1609 1156 1650 da
1173 1609 1308 1649 locum
1334 1606 1474 1649 melio·

755 1672 882 1714 ribus.

194 1736 274 1777 AN.
307 1735 431 1777 Ce'rte
445 1735 595 1785 hercle,
616 1750 694 1790 ego
709 1735 742 1776 si
761 1735 860 1776 satis
881 1733 1155 1782 commemini,
1177 1733 1250 1774 tibi
1265 1732 1472 1787 quidemst

755 1798 853 1839 olim
879 1797 979 1846 dies,

307 1860 446 1912 Quam
478 1860 530 1902 assd
562 1861 680 1902 dares
712 1860 821 1909 huic,
856 1859 1110 1914 praestituta.
1172 1858 1250 1898 ΡΗ.
1281 1857 1470 1898 Ἑάοῒῑιω.

754 1922 839 1964 Do.
864 1923 978 1963 Num
1003 1936 1079 1976 ego
1106 1921 1209 1961 istilc
1238 1921 1371 1975 nego?

195 1987 273 2028 AN.
306 1986 395 2026 Iam
421 1986 470 2026 ea
500 1985 734 2040 praeteriit?
780 1984 865 2026 Do.
890 1984 998 2033 Non,
1029 1998 1175 2024 uerum
1204 1983 1306 2023 haec
1338 1988 1375 2023 e'i
1397 1984 1472 2023 zin-
1495 1984 1562 2018 525

754 2047 930 2088 tecessit.
991 2048 1070 2086 AN.
1097 2045 1189 2086 Non
1214 2045 1342 2099 pudet

305 2109 537 2153 Vanitatis?
572 2110 657 2151 Do.
676 2110 880 2158 Minume,
907 2109 1005 2150 dum
1030 2109 1082 2148 ob
1106 2123 1206 2149 rem.
1251 2106 1330 2149 Gn.
1358 2106 1471 2150 Ster-

315 2222 324 2235 '
755 2172 949 2213 culinum.
999 2170 1245 2273 P11.DD<'›rio,

306 2235 426 2277 Itane
456 2235 624 2276 tandem
655 2235 790 2276 fzicere
822 2234 1008 2289 oportet?
1112 2248 1148 2273 o.
1188 2231 1258 2274 Sic
1289 2248 1399 2273 sum:
1436 2232 1470 2272 si

755 2297 911 2351 placeo,
936 2232 1106 2337 ὤρη-(3.1)

195 2362 274 2403 ΑΝ.
308 2359 379 2402 Sic
398 2360 508 2401 hunc
528 2359 708 2414 decipis?
743 2359 827 2400 Do.
848 2359 981 2399 Immo
1002 2358 1110 2399 enim
1129 2372 1242 2407 uero,
1267 2345 1470 2413 Antipho,

754 2422 821 2463 hic
845 2437 910 2462 me
936 2420 1105 2474 decipit:

308 2484 417 2525 Nam
448 2484 514 2526 hic
544 2500 610 2526 me
642 2484 762 2525 huius
799 2483 911 2524 modi
942 2483 1072 2523 scibat
1108 2497 1211 2531 esse,
1248 2497 1326 2537 ego
1362 2482 1471 2524 himc

319 2596 326 2607 ν
758 2560 846 2587 esse
872 2545 988 2586 aliter
1013 2544 1185 2593 credidi3

310 2610 394 2649 Iste
419 2623 484 2649 me
510 2608 675 2657 fefellit,
702 2623 778 2663 ego
803 2608 870 2649 isti
894 2608 976 2648 nilo
1008 2622 1097 2648 sum
1123 2607 1239 2648 aliter
1262 2609 1310 2648 tic
1334 2607 1408 2649 fui.

311 2670 396 2714 sed
433 2679 476 2712 ut
513 2678 558 2713 ut
595 2671 696 2712 haec
733 2678 847 2720 sunt,
884 2672 1022 2711 tzimen
1057 2669 1135 2710 hoc
1171 2669 1339 2711 faciam:
1382 2672 1471 2712 ortis

756 2748 876 2774 mane
903 2733 1117 2787 argentim]
1143 2732 1242 2773 mihi

1495 2614 1562 2650 530
