1726 2984
97 159 126 203 1,
143 160 233 195 3—5
704 155 902 192 ANDRIA
1388 143 1437 184 17

278 239 362 282 Sed
386 238 521 294 Mysis
554 237 607 278 ab
637 251 687 279 ea
717 237 939 292 egreditur.
1001 242 1042 277 at
1072 249 1150 290 ego
1176 234 1271 276 hinc
1295 248 1361 274 me
1385 231 1439 273 ad

720 299 875 340 forum:
902 297 987 354 [ut]

275 362 536 406 Conueniam
566 360 854 417 Pamphilum,
885 377 937 402 ne
968 361 1019 402 de
1049 359 1127 400 hac
1157 374 1201 400 re
1231 358 1348 412 pater
1376 356 1439 397 in-

719 424 968 478 prudentem
993 422 1211 478 dpprimat.

707 547 890 589 Mvsls

712 619 884 646 ANOILLA

93 685 145 717 1,4
274 672 453 721 Audiui,
484 671 702 727 Archylis,
733 672 816 713 iam
847 671 1025 713 dudum:
1058 670 1257 712 Lesbiam
1288 669 1439 710 adduci

718 734 849 775 iubes.

275 796 387 839 Sa'me
412 798 480 852 pol
504 797 575 838 illa
599 797 865 838 temulentast
889 796 1036 838 mulier
1060 802 1099 837 et
1125 793 1342 836 temeraria

272 859 363 901 Nec
399 860 497 901 satis
539 860 686 914 digna,
728 860 826 912 quoi
868 858 1102 900 committas
1143 858 1274 912 primo
1316 862 1438 910 partu
1461 859 1530 895 230

719 921 947 962 mulierem.

272 985 432 1026 Tamen
470 999 561 1026 eam
603 984 834 1026 adducam?
875 982 1213 1039 inportunitatem
1255 987 1438 1036 spectate

719 1047 925 1088 aniculae:

127 1123 143 1148 5
274 1108 387 1162 Quia
412 1109 642 1165 compotrix
666 1109 756 1150 eius
782 1116 856 1150 est.
906 1109 961 1158 di,
987 1109 1081 1150 date
1100 1107 1341 1150 facilitatem
1365 1107 1439 1148 db-

721 1186 837 1213 secro

272 1235 383 1276 Huic
413 1234 605 1289 pariundi
636 1241 761 1288 atque
792 1234 850 1274 illi
881 1234 923 1275 in
954 1234 1043 1274 aliis
1075 1233 1212 1288 petius
1238 1232 1439 1288 peccandi

723 1297 873 1338 locum.

271 1358 358 1402 Sed
393 1359 494 1414 quid
535 1375 633 1401 nam
668 1358 937 1414 Pamphilum
974 1358 1256 1399 exanimatum
1293 1357 1439 1399 uideo?

719 1436 866 1463 uereor
891 1421 991 1475 quid
1016 1421 1105 1462 siet.

271 1484 499 1540 Opperiar,
535 1492 582 1527 ut
618 1484 745 1526 sciam
781 1499 881 1524 num
919 1483 1019 1537 quid
1055 1499 1151 1524 nam
1183 1483 1286 1526 haec
1316 1483 1438 1525 turba
1461 1484 1530 1519 235

719 1546 906 1588 tristitiae
931 1546 1105 1587 adferat.

499 1671 828 1713 PAMPHILvs
915 1671 1095 1712 MYsrs

538 1743 792 1770 ADVLESCENS
919 1743 1091 1769 ANCILLA

90 1809 112 1841 1,
128 1810 142 1835 5
161 1797 237 1838 ΡΑ.
270 1796 473 1838 Hocinest
486 1795 714 1838 humanum
729 1797 885 1837 factum
905 1804 975 1837 aut
996 1796 1233 1851 inceptum?
1253 1795 1438 1838 hdcinest

718 1859 902 1899 officium
928 1859 1081 1913 patris?

157 1921 242 1962 MY.
270 1920 384 1973 Quid
409 1921 512 1962 illud
538 1921 623 1963 est?
681 1921 759 1962 ΡΑ.
797 1921 881 1961 Pro
913 1921 1035 1962 deum
1066 1920 1204 1969 fidem,
1237 1921 1337 1974 quid
1363 1929 1436 1971 est,

720 1984 754 2025 si
779 1984 882 2025 haec
912 1998 994 2024 non
1021 1984 1335 2025 contumeliast‘?

271 2046 457 2089 derem
505 2046 691 2087 decrerat
739 2046 837 2087 dare
881 2061 971 2088 sese
1012 2047 1068 2087 mi
1110 2046 1251 2087 hddie:
1299 2061 1436 2088 nonne

719 2108 899 2164 opertuit

270 2171 506 2212 Praescisse
536 2186 602 2212 me
634 2172 754 2213 ante?
783 2171 922 2212 nenne
946 2171 1060 2227 prius
1086 2171 1434 2213 communicatum

717 2234 925 2289 opdrtuit‘?

123 2308 139 2333 5
157 2296 246 2336 My.
272 2295 474 2336 Miseram
500 2312 578 2345 me,
605 2296 716 2350 quod
741 2296 915 2338 uerbum
942 2296 1083 2337 audio!
1458 2308 1526 2343 240

157 2358 233 2398 ΡΑ.
266 2357 405 2410 Quid?
442 2357 658 2407 Chremes,
691 2359 761 2412 qui
793 2359 1019 2413 denegarat.
1050 2360 1092 2399 se
1118 2359 1434 2401 commissurum

718 2421 818 2461 mihi

273 2481 454 2523 Gnatam
486 2498 601 2524 suam
634 2498 824 2532 uxorem,
856 2484 897 2524 id
928 2484 1118 2532 mutauit,
1150 2485 1247 2537 quia
1276 2500 1342 2526 me
1373 2486 1434 2526 in—

715 2547 920 2587 mutatum
944 2546 1081 2587 uidet?

269 2607 363 2648 Itan
401 2608 605 2650 &bstinate
643 2611 810 2664 opera'm
854 2609 942 2657 dat,
986 2616 1031 2649 ut
1066 2624 1131 2650 me
1174 2625 1199 2650 a
1236 2608 1432 2664 Glycerio

716 2671 913 2712 miserum
938 2671 1176 2713 abstrahat?

229 2736 380 2765 Terentius.
1188 2736 1210 2772 2
