1700 2984
275 139 357 181 140
778 150 1047 187 Evuvcuvs
1486 157 1531 202 v,
1549 159 1580 192 3.
1598 158 1622 192 4

271 228 348 271 Py.
379 230 517 272 Probe
542 231 689 285 edepol
714 246 877 281 narra83
904 247 1000 273 nam
1027 233 1086 274 illi
1111 233 1234 275 faueo
1257 236 1423 290 uirgini.

384 292 448 333 Ite
471 294 598 333 intro:
625 293 708 333 iam
733 293 892 334 dudum
917 296 988 335 era
1011 310 1086 336 uos
1112 298 1307 351 expectat
1332 297 1456 339 domi.
1481 323 1536 329 —

383 356 532 397 Virum
558 357 714 397 bonum
739 371 883 398 eccum
908 356 1215 401 Parmenonem
1240 360 1429 402 incedere

382 419 535 460 Video:
567 419 664 460 uide
689 425 735 459 ut
758 419 915 460 otiosus
939 419 987 461 it!
1020 421 1054 461 si
1079 421 1141 462 dis
1166 422 1315 477 placet,
1571 437 1603 462 ιο

178 481 246 517 920
383 480 515 535 Spero
562 496 629 523 me
676 481 849 531 habere,
902 483 973 536 qui
1019 483 1131 525 hunc
1177 500 1270 526 meo
1318 487 1552 528 excruciem

830 544 967 586 modo.

380 604 457 646 Ibo
480 607 603 654 intro,
629 606 679 648 de
705 607 942 662 cognitione
966 615 1011 649 ut
1037 608 1195 650 certum
1220 609 1367 651 sciam:

378 666 483 709 Post
507 667 629 710 exibo
655 676 780 723 atque
805 669 915 711 hunc
939 670 1178 724 perterrebo
1204 671 1464 727 sacrilegum.

594 842 864 887 Panmnno
969 845 1218 888 PvaAs

642 921 790 948 suavos
994 923 1167 950 ANOELLA

260 977 338 1021 ΡΑ.
370 980 540 1029 Reuiso,
567 979 669 1033 quid
693 995 789 1021 nam
817 979 1008 1022 Chae-rea
1033 981 1098 1022 hic
1123 983 1261 1023 rerum
1287 990 1416 1038 gerat.
1548 996 1615 1027 v,4

375 1042 501 1093 Quod
526 1042 560 1083 si
583 1044 678 1083 astu
702 1057 791 1084 rem
815 1043 1022 1093 tractauit,
1049 1044 1090 1084 di
1115 1046 1299 1085 nostram
1324 1045 1462 1095 fidem,

170 1110 237 1146 925
375 1104 588 1156 Quantam
631 1106 673 1146 et
708 1119 834 1159 quam
878 1121 1022 1147 ueram
1063 1107 1231 1148 laudem
1274 1108 1410 1162 capiet
1443 1108 1546 1150 Par-

824 1169 965 1210 meno!

371 1230 482 1272 Nam
506 1238 552 1271 ut
575 1232 750 1281 mittam,
778 1231 889 1285 quod
915 1238 953 1273 e'1'
977 1232 1158 1273 amorem
1182 1232 1501 1283 difficillumum,

372 1291 673 1343 Carissumum,
700 1309 725 1334 a
748 1295 962 1335 meretrice
988 1310 1116 1336 auara
1139 1295 1344 1350 uirginem
1580 1308 1597 1334 5

372 1354 512 1406 Quam
538 1355 718 1405 amabat,
746 1370 842 1396 eum
867 1356 1028 1397 confeci
1054 1357 1141 1398 sine
1167 1357 1368 1407 molestia,

372 1416 472 1459 Sine
498 1418 679 1472 sumptu,
706 1417 794 1459 sine
821 1418 1056 1473 dispendio:
1088 1428 1177 1460 tum
1203 1419 1281 1461 hoc
1304 1421 1494 1471 alterum,

166 1486 233 1522 930
371 1479 421 1520 Id
446 1481 586 1521 uerost
611 1480 724 1533 quod
750 1495 828 1535 ego
852 1481 952 1521 mihi
978 1489 1078 1536 puto
1104 1482 1363 1536 palmarium,

369 1542 443 1583 Me
469 1542 714 1597 repperisse,
741 1543 822 1596 quo
848 1544 972 1584 modo
999 1544 1338 1585 adulescentulus

369 1604 641 1646 Meretricum
666 1605 835 1660 ingenia
860 1613 900 1646 et
925 1607 1061 1647 mores
1086 1616 1227 1661 posset
1251 1609 1435 1658 noscere,
1562 1621 1594 1647 10

369 1667 538 1709 Mature
563 1676 608 1708 ut
634 1682 761 1721 quom
786 1669 986 1723 cognorit,
1013 1677 1214 1724 perpetuo
1240 1670 1382 1711 oderit.

371 1729 492 1780 Quae
518 1730 617 1771 dum
642 1730 742 1771 foris
768 1738 876 1779 sunt,
903 1732 960 1772 nil
985 1732 1150 1773 uidetur
1174 1732 1383 1782 mundius,

165 1801 232 1837 935
369 1792 459 1834 Nec
483 1793 617 1848 magis
645 1793 920 1848 compositum
946 1796 1169 1848 quicquam
1200 1810 1278 1836 nec
1301 1796 1434 1849 magis
1459 1796 1542 1839 ele-

819 1871 943 1911 gans:

372 1916 512 1972 [Quae
538 1931 633 1958 cum
659 1925 843 1959 amatore
869 1933 943 1960 suo
970 1933 1064 1960 cum
1090 1926 1240 1960 cenant
1265 1919 1506 1977 ligurriunt]

368 1980 532 2020 Harum
557 1980 701 2021 uidere
725 1980 926 2022 inh'miem
952 1981 1094 2022 sordes
1118 1982 1316 2037 inopiam,
1559 1997 1592 2023 15

369 2042 509 2094 Quam
527 2042 770 2084 inhonestae
790 2043 902 2085 solae
917 2045 998 2085 sint
1011 2044 1122 2084 domi
1137 2052 1262 2098 atque
1276 2045 1423 2087 auidae:
1445 2047 1539 2096 cibi,

369 2105 465 2156 Quo
490 2106 611 2160 pacto
638 2121 688 2147 ex
713 2106 802 2147 iure
827 2106 1020 2147 hesterno
1045 2122 1196 2161 panem
1218 2109 1353 2149 atrum
1379 2119 1538 2160 uorent,

165 2183 231 2218 940
368 2168 502 2209 Nosse
528 2168 666 2209 omnia
691 2168 793 2210 haec
819 2169 980 2210 salutist
1007 2170 1342 2212 adulescentulis.

253 2229 330 2271 Py.
363 2230 457 2285 Ego
483 2231 549 2285 pol
575 2238 614 2272 te
640 2245 714 2286 pro
738 2231 827 2272 istis
853 2231 973 2272 factis
1000 2239 1039 2273 et
1066 2232 1198 2281 dictis,
1227 2233 1374 2282 scelus,

367 2293 568 2342 Vicisoan
600 2302 643 2334 ut
668 2308 720 2334 ne
745 2293 900 2348 inpune
924 2294 965 2335 in
992 2309 1067 2335 nos
1091 2294 1294 2336 inluseris.
1557 2311 1589 2336 20

366 2355 450 2396 Pro
467 2355 590 2397 deum
610 2355 748 2405 fidem,
767 2355 929 2397 facinus
950 2356 1138 2398 foedum!
1165 2372 1188 2397 o
1207 2357 1415 2399 infelicem
1436 2359 1538 2401 adu-

813 2419 1105 2461 lescentulum!

366 2467 406 2522 O
428 2481 646 2523 scelestum
665 2482 983 2531 Parmenonem,
1010 2483 1079 2536 qui
1098 2484 1222 2524 istum
1243 2483 1324 2525 huc
1344 2483 1533 2525 adduxit!

812 2543 889 2584 ΡΑ.
917 2543 1032 2596 Quid
1058 2546 1143 2586 cst?

160 2608 226 2643 945
251 2605 326 2646 Pr.
359 2606 533 2648 Miseret
563 2621 648 2648 me:
686 2606 825 2660 itaque
857 2614 900 2646 ut
938 2608 989 2647 ne
1026 2607 1231 2658 uiderem,
1269 2609 1418 2649 misera
1452 2607 1535 2650 huc

813 2669 947 2724 ecsugi
972 2669 1097 2719 foras,
