1700 2984
190 126 271 168 246

189 341 261 384 SA.

96 658 164 693 230

98 1094 165 1128 235

192 1213 264 1255 SY.

192 1338 265 1380 SA.

695 123 971 172 ADELPHOE
1451 133 1502 178 11,
1518 133 1540 168 2

302 216 482 258 Animus
524 215 598 256 tibi
640 214 806 270 pendet.
873 213 945 254 ubi
986 213 1099 256 illinc
1142 228 1262 269 spero
1303 213 1472 256 redieris

750 284 904 324 tamen,
929 275 1009 317 hec
1039 291 1152 331 ages.

299 341 519 394 Nusquem
548 338 710 394 pedem.
761 338 864 393 perii
899 336 1055 379 hercle:
1093 338 1172 379 hac
1202 337 1259 379 illi
1291 352 1364 392 spe
1393 337 1473 379 hec

752 400 1009 454 inceperunt.
1061 398 1131 441 Sv.
1164 399 1319 440 Timet:

300 464 432 506 Inieci
468 463 710 518 scrupulum
747 462 915 503 hemini.
976 461 1047 503 SA.
1087 460 1127 502 O
1160 462 1334 503 scelera:
1371 461 1473 502 illud
1492 473 1524 498 20

754 524 864 573 uide,

301 589 359 630 Vt
382 589 426 629 in
449 590 542 643 ipso
568 587 741 628 articulo
766 586 985 642 oppressit.
1035 593 1198 641 emptae
1223 586 1417 627 mulieres

301 650 550 706 Complures
576 658 616 692 et
640 650 740 691 item
765 649 861 690 hinc
885 649 966 689 elia
990 663 1098 702 quae
1122 650 1240 704 porte
1268 647 1470 703 Cyprum.

301 713 392 755 Nisi
434 728 483 754 eo
524 713 578 753 ed
618 719 848 754 mercatum
892 711 1034 760 uenio,
1088 711 1286 751 damnum
1329 712 1472 751 me-xu—

754 780 920 814 mumst.

301 838 425 880 Nunc
454 837 489 879 si
519 837 596 878 hec
626 836 770 878 omitto
802 851 851 877 ac
881 836 969 876 tum
1000 850 1124 890 agam
1160 835 1231 875 ubi
1267 834 1380 876 illinc
1410 835 1473 875 re·-

754 898 882 947 diero,

302 963 372 1004 Nil
397 964 476 1004 est:
503 961 710 1003 refrixerit
734 976 817 1002 res:
845 966 974 1000 ‘nunc
999 959 1165 1001 demum
1190 960 1334 1001 uenis?
1493 970 1526 996 25

304 1024 424 1078 Quor
449 1024 637 1079 pessu's?
662 1023 734 1063 ubi
761 1022 895 1064 eras?’
921 1023 965 1062 ut
992 1022 1043 1062 sit
1069 1022 1197 1063 satius
1222 1022 1395 1076 perdere

305 1086 444 1139 Quam
482 1093 552 1127 aut
588 1086 699 1127 nunc
736 1099 903 1125 manere
940 1086 1024 1125 tam
1061 1084 1132 1125 diu
1163 1093 1233 1125 aut
1263 1092 1352 1125 tum
1382 1084 1474 1138 per-

754 1163 796 1188 se
827 1163 882 1188 u1.

303 1213 449 1254 Iamne
503 1210 755 1252 enumerasti
799 1161 845 1250 ild
897 1209 1010 1263 qued
1060 1209 1113 1250 ad
1161 1217 1200 1250 te
1247 1208 1474 1250 rediturum

754 1272 899 1327 putes?

303 1337 467 1378 Hocine
502 1336 573 1377 illo
610 1335 848 1390 dignumst?
896 1333 1044 1375 hecine
1079 1333 1263 1388 incipere
1299 1333 1474 1375 Aeschi-

755 1412 869 1445 num,

303 1463 389 1504 Per
413 1460 727 1517 oppressionem
752 1468 799 1501 ut
823 1459 932 1500 hanc
956 1459 1012 1499 mi
1037 1458 1197 1513 eripere
1221 1459 1425 1513 postulet?
1493 1470 1526 1495 30

192 1526 262 1569 SY.
300 1525 513 1567 Labascit.
562 1539 693 1565 unum
717 1522 796 1563 hoc
821 1522 974 1563 habeo:
1000 1521 1097 1562 uide
1122 1520 1156 1561 si
1181 1521 1279 1562 setis
1304 1521 1456 1576 placet:

100 1600 167 1636 240

102 1914 170 1950 245

108 2414 175 2449 250

303 1588 451 1630 Potius
476 1601 603 1640 quam
628 1585 772 1627 uenias
795 1586 838 1625 in
863 1584 1077 1639 periclum,
1105 1583 1276 1632 Sannio,

307 1650 517 1692 Sernesne
543 1665 596 1689 an
621 1648 770 1703 perdas
797 1648 942 1696 tetum,
968 1646 1184 1687 diuidudm
1209 1646 1317 1694 face3

304 1714 446 1754 Mines
471 1712 615 1753 decem
641 1709 837 1751 conredet
863 1708 1067 1750 alicunde.
1118 1706 1190 1749 SA.
1222 1706 1275 1748 Ei
1299 1707 1413 1757 mihi,

306 1776 447 1817 Etiam
474 1774 525 1815 de
550 1780 658 1814 sorte
683 1773 794 1813 nunc
819 1771 941 1812 uenio
967 1770 1008 1810 in
1034 1769 1207 1811 dubium
1233 1769 1381 1811 miser?
1493 1782 1527 1807 35

306 1838 446 1879 Pudet
471 1836 553 1877 nil?
578 1835 710 1876 omnis
737 1834 871 1875 dentis
895 1833 1089 1875 labefecit
1114 1832 1227 1881 mihi,

306 1901 532 1942 Praeterea
556 1897 741 1953 colaphis
768 1897 888 1938 tuber
913 1904 976 1937 est
1000 1895 1133 1936 totum
1158 1901 1301 1950 caput:

308 1963 449 2004 Etiam
473 1964 643 2016 insuper
668 1959 912 2001 defraudat?
936 1972 1143 2012 nusquam
1168 1957 1286 1999 abeo.
1331 1956 1399 1997 Sy.
1419 1956 1477 1998 Vt

758 2022 890 2063 lubet:

309 2088 422 2129 Num
442 2087 543 2141 quid
562 2086 626 2127 uis
645 2085 746 2139 quin
766 2084 939 2125 abeam?
977 2082 1048 2123 SA.
1076 2069 1211 2122 I'mmo
1236 2080 1374 2122 hercle
1399 2080 1478 2122 hoc

759 2148 929 2200 quaese,
957 2145 1082 2199 Syre:

310 2214 370 2255 Vt
393 2220 437 2253 ut
463 2211 566 2252 haec
591 2216 688 2251 sunt
713 2219 816 2258 acta,
843 2208 978 2263 petius
1004 2221 1129 2260 quam
1153 2205 1235 2246 litis
1260 2219 1421 2258 sequar,
1497 2218 1530 2242 40

309 2277 458 2317 Meum
500 2273 600 2314 mihi
643 2271 857 2320 reddatur,
906 2271 1050 2311 saltem
1097 2267 1240 2322 quanti
1288 2269 1478 2322 emptast,

764 2333 883 2388 Syre.

315 2399 413 2442 Soio
438 2400 478 2440 te
503 2413 586 2439 non
610 2412 734 2438 usum
759 2395 934 2437 antehec
961 2393 1139 2435 amicitie
1164 2407 1276 2433 mea:

312 2463 547 2504 Memorem
572 2476 638 2501 me
663 2459 774 2500 dices
800 2460 890 2499 esse
916 2465 953 2499 et
980 2466 1157 2511 gratum.
1208 2452 1277 2496 SY.
1306 2452 1461 2494 Sedulo

313 2525 497 2566 Faciem.
547 2523 620 2564 sed
646 2520 941 2575 Ctesiphenem
967 2518 1107 2559 uideo:
1133 2517 1265 2558 laetus
1290 2524 1351 2557 est

314 2588 382 2629 De
408 2588 552 2630 amica,
599 2584 670 2625 SA.
699 2584 812 2635 Quid
833 2583 944 2636 quod
963 2590 1001 2622 te
1025 2580 1119 2621 ero?
1164 2577 1233 2621 ΞΥ.
1260 2577 1480 2637 Paulisper
1499 2589 1532 2616 45

763 2660 896 2690 mane.
