<?xml version="1.0" encoding="UTF-8"?>
<!DOCTYPE html PUBLIC "-//W3C//DTD XHTML 1.0 Transitional//EN"
    "http://www.w3.org/TR/xhtml1/DTD/xhtml1-transitional.dtd">
<html xmlns="http://www.w3.org/1999/xhtml" xml:lang="en" lang="en">
 <head>
  <title>
</title>
<meta http-equiv="Content-Type" content="text/html;charset=utf-8" />
  <meta name='ocr-system' content='tesseract 3.04.00' />
  <meta name='ocr-capabilities' content='ocr_page ocr_carea ocr_par ocr_line ocrx_word'/>
</head>
<body>
  <div class='ocr_page' id='page_1' title='image "./pterentiafricomo00tereuoft/pterentiafricomo00tereuoft_0256.png"; bbox 0 0 1700 2984; ppageno 0'>
   <div class='ocr_carea' id='block_1_1' title="bbox 243 126 1588 184">
    <p class='ocr_par' dir='ltr' id='par_1_1' title="bbox 243 126 1588 184">
     <span class='ocr_line' id='line_1_1' title="bbox 243 126 1588 184; baseline 0.004 -15"><span class='ocrx_word' id='word_1_1' title='bbox 243 126 323 169; x_wconf 77' lang='lat'>208</span> <span class='ocrx_word' id='word_1_2' title='bbox 786 134 988 171; x_wconf 79' lang='lat' dir='ltr'><strong>HECYRA</strong></span> <span class='ocrx_word' id='word_1_3' title='bbox 1483 137 1551 184; x_wconf 86' lang='lat'>111,</span> <span class='ocrx_word' id='word_1_4' title='bbox 1568 139 1588 174; x_wconf 89' lang='lat'>1</span> 
     </span>
    </p>
   </div>
   <div class='ocr_carea' id='block_1_2' title="bbox 151 219 1526 2320">
    <p class='ocr_par' dir='ltr' id='par_1_2' title="bbox 151 219 1526 2320">
     <span class='ocr_line' id='line_1_2' title="bbox 355 219 1524 275; baseline 0.001 -15"><span class='ocrx_word' id='word_1_5' title='bbox 355 219 518 260; x_wconf 66' lang='lat' dir='ltr'>Hacine</span> <span class='ocrx_word' id='word_1_6' title='bbox 550 233 676 260; x_wconf 86' lang='lat' dir='ltr'>causa</span> <span class='ocrx_word' id='word_1_7' title='bbox 706 232 784 273; x_wconf 89' lang='lat' dir='ltr'>ego</span> <span class='ocrx_word' id='word_1_8' title='bbox 816 220 929 259; x_wconf 70' lang='lat' dir='ltr'>eram</span> <span class='ocrx_word' id='word_1_9' title='bbox 960 226 1073 260; x_wconf 85' lang='lat' dir='ltr'>tanto</span> <span class='ocrx_word' id='word_1_10' title='bbox 1105 233 1230 274; x_wconf 87' lang='lat' dir='ltr'>opere</span> <span class='ocrx_word' id='word_1_11' title='bbox 1260 220 1435 275; x_wconf 78' lang='lat' dir='ltr'>cupidus</span> <span class='ocrx_word' id='word_1_12' title='bbox 1461 235 1524 262; x_wconf 88' lang='lat' dir='ltr'>re-</span> 
     </span>
     <span class='ocr_line' id='line_1_3' title="bbox 804 280 1281 331; baseline 0.006 -11"><span class='ocrx_word' id='word_1_13' title='bbox 804 280 959 321; x_wconf 87' lang='lat' dir='ltr'>deundi</span> <span class='ocrx_word' id='word_1_14' title='bbox 983 281 1172 322; x_wconf 86' lang='lat' dir='ltr'>domum!</span> <span class='ocrx_word' id='word_1_15' title='bbox 1197 282 1281 331; x_wconf 73' lang='lat' dir='ltr'>hui,</span> 
     </span>
     <span class='ocr_line' id='line_1_4' title="bbox 357 342 1523 400; baseline 0.001 -16"><span class='ocrx_word' id='word_1_16' title='bbox 357 343 525 396; x_wconf 67' lang='lat' dir='ltr'>Quanto</span> <span class='ocrx_word' id='word_1_17' title='bbox 550 343 687 384; x_wconf 85' lang='lat' dir='ltr'>fuerat</span> <span class='ocrx_word' id='word_1_18' title='bbox 711 342 1000 397; x_wconf 76' lang='lat' dir='ltr'>praestabilius</span> <span class='ocrx_word' id='word_1_19' title='bbox 1024 344 1162 385; x_wconf 78' lang='lat' dir='ltr'>ubiuis</span> <span class='ocrx_word' id='word_1_20' title='bbox 1189 344 1376 400; x_wconf 87' lang='lat' dir='ltr'>gentium</span> <span class='ocrx_word' id='word_1_21' title='bbox 1399 346 1523 399; x_wconf 66' lang='lat' dir='ltr'>agere</span> 
     </span>
     <span class='ocr_line' id='line_1_5' title="bbox 805 412 984 446; baseline 0 -1"><span class='ocrx_word' id='word_1_22' title='bbox 805 412 984 446; x_wconf 83' lang='lat' dir='ltr'>aetatem</span> 
     </span>
     <span class='ocr_line' id='line_1_6' title="bbox 152 466 1525 520; baseline 0.003 -16"><span class='ocrx_word' id='word_1_23' title='bbox 152 470 219 505; x_wconf 73' lang='lat'>285</span> <span class='ocrx_word' id='word_1_24' title='bbox 356 466 496 520; x_wconf 82' lang='lat' dir='ltr'>Quam</span> <span class='ocrx_word' id='word_1_25' title='bbox 533 467 614 509; x_wconf 74' lang='lat' dir='ltr'>huc</span> <span class='ocrx_word' id='word_1_26' title='bbox 649 466 783 508; x_wconf 89' lang='lat' dir='ltr'>redire</span> <span class='ocrx_word' id='word_1_27' title='bbox 820 475 944 520; x_wconf 88' lang='lat' dir='ltr'>atque</span> <span class='ocrx_word' id='word_1_28' title='bbox 981 467 1084 509; x_wconf 77' lang='lat' dir='ltr'>haec</span> <span class='ocrx_word' id='word_1_29' title='bbox 1119 468 1177 510; x_wconf 85' lang='lat' dir='ltr'>ita</span> <span class='ocrx_word' id='word_1_30' title='bbox 1207 483 1297 510; x_wconf 87' lang='lat' dir='ltr'>esse</span> <span class='ocrx_word' id='word_1_31' title='bbox 1328 470 1525 510; x_wconf 86' lang='lat' dir='ltr'>miserum</span> 
     </span>
     <span class='ocr_line' id='line_1_7' title="bbox 802 530 1134 572; baseline 0.006 -3"><span class='ocrx_word' id='word_1_32' title='bbox 802 544 868 570; x_wconf 92' lang='lat' dir='ltr'>me</span> <span class='ocrx_word' id='word_1_33' title='bbox 893 530 1134 572; x_wconf 77' lang='lat' dir='ltr'>resciscere!</span> 
     </span>
     <span class='ocr_line' id='line_1_8' title="bbox 354 591 1525 647; baseline -0.001 -14"><span class='ocrx_word' id='word_1_34' title='bbox 354 592 463 633; x_wconf 74' lang='lat' dir='ltr'>Nam</span> <span class='ocrx_word' id='word_1_35' title='bbox 493 607 568 633; x_wconf 93' lang='lat' dir='ltr'>nos</span> <span class='ocrx_word' id='word_1_36' title='bbox 600 607 743 633; x_wconf 87' lang='lat' dir='ltr'>omnes</span> <span class='ocrx_word' id='word_1_37' title='bbox 773 591 925 645; x_wconf 86' lang='lat' dir='ltr'>quibus</span> <span class='ocrx_word' id='word_1_38' title='bbox 957 602 1018 634; x_wconf 84' lang='lat' dir='ltr'>est</span> <span class='ocrx_word' id='word_1_39' title='bbox 1051 593 1240 635; x_wconf 82' lang='lat' dir='ltr'>alicunde</span> <span class='ocrx_word' id='word_1_40' title='bbox 1271 593 1420 647; x_wconf 71' lang='lat' dir='ltr'>aliquis</span> <span class='ocrx_word' id='word_1_41' title='bbox 1452 593 1525 632; x_wconf 91' lang='lat' dir='ltr'>ob-</span> 
     </span>
     <span class='ocr_line' id='line_1_9' title="bbox 803 654 1088 704; baseline 0.007 -10"><span class='ocrx_word' id='word_1_42' title='bbox 803 654 933 695; x_wconf 71' lang='lat' dir='ltr'>iectus</span> <span class='ocrx_word' id='word_1_43' title='bbox 957 654 1088 704; x_wconf 89' lang='lat' dir='ltr'>labos,</span> 
     </span>
     <span class='ocr_line' id='line_1_10' title="bbox 357 703 1523 772; baseline -0.001 -14"><span class='ocrx_word' id='word_1_44' title='bbox 357 703 495 760; x_wconf 75' lang='lat' dir='ltr'>Omne</span> <span class='ocrx_word' id='word_1_45' title='bbox 522 716 634 772; x_wconf 86' lang='lat' dir='ltr'>quod</span> <span class='ocrx_word' id='word_1_46' title='bbox 659 723 720 759; x_wconf 88' lang='lat' dir='ltr'>est</span> <span class='ocrx_word' id='word_1_47' title='bbox 745 716 902 758; x_wconf 86' lang='lat' dir='ltr'>inte&#39;rea</span> <span class='ocrx_word' id='word_1_48' title='bbox 927 724 1091 772; x_wconf 87' lang='lat' dir='ltr'>tempus</span> <span class='ocrx_word' id='word_1_49' title='bbox 1116 719 1230 772; x_wconf 88' lang='lat' dir='ltr'>prius</span> <span class='ocrx_word' id='word_1_50' title='bbox 1255 731 1380 771; x_wconf 87' lang='lat' dir='ltr'>quam</span> <span class='ocrx_word' id='word_1_51' title='bbox 1400 717 1442 758; x_wconf 92' lang='lat' dir='ltr'>id</span> <span class='ocrx_word' id='word_1_52' title='bbox 1461 732 1523 758; x_wconf 88' lang='lat' dir='ltr'>re-</span> 
     </span>
     <span class='ocr_line' id='line_1_11' title="bbox 396 779 1179 842; baseline 0 -22"><span class='ocrx_word' id='word_1_53' title='bbox 396 829 404 842; x_wconf 42' lang='lat'>,</span> <span class='ocrx_word' id='word_1_54' title='bbox 801 779 990 820; x_wconf 78' lang='lat' dir='ltr'>scitumst</span> <span class='ocrx_word' id='word_1_55' title='bbox 1013 780 1179 821; x_wconf 76' lang='lat' dir='ltr'>luci-ost.</span> 
     </span>
     <span class='ocr_line' id='line_1_12' title="bbox 241 841 1525 896; baseline 0.001 -14"><span class='ocrx_word' id='word_1_56' title='bbox 241 841 345 882; x_wconf 69' lang='lat' dir='ltr'><strong>PAR.</strong></span> <span class='ocrx_word' id='word_1_57' title='bbox 376 843 436 883; x_wconf 81' lang='lat' dir='ltr'>At</span> <span class='ocrx_word' id='word_1_58' title='bbox 467 842 525 883; x_wconf 87' lang='lat' dir='ltr'>sic</span> <span class='ocrx_word' id='word_1_59' title='bbox 556 841 676 883; x_wconf 90' lang='lat' dir='ltr'>citius</span> <span class='ocrx_word' id='word_1_60' title='bbox 706 842 777 895; x_wconf 85' lang='lat' dir='ltr'>qui</span> <span class='ocrx_word' id='word_1_61' title='bbox 807 848 847 882; x_wconf 86' lang='lat' dir='ltr'>te</span> <span class='ocrx_word' id='word_1_62' title='bbox 874 842 1070 896; x_wconf 82' lang='lat' dir='ltr'>expedias</span> <span class='ocrx_word' id='word_1_63' title='bbox 1095 842 1200 883; x_wconf 81' lang='lat' dir='ltr'>hisce</span> <span class='ocrx_word' id='word_1_64' title='bbox 1226 842 1435 883; x_wconf 85' lang='lat' dir='ltr'>aerumnis</span> <span class='ocrx_word' id='word_1_65' title='bbox 1461 843 1525 883; x_wconf 77' lang='lat' dir='ltr'>re-</span> 
     </span>
     <span class='ocr_line' id='line_1_13' title="bbox 801 905 958 958; baseline 0 -13"><span class='ocrx_word' id='word_1_66' title='bbox 801 905 958 958; x_wconf 86' lang='lat' dir='ltr'>perias:</span> 
     </span>
     <span class='ocr_line' id='line_1_14' title="bbox 357 966 1524 1015; baseline 0.001 -8"><span class='ocrx_word' id='word_1_67' title='bbox 357 966 404 1008; x_wconf 78' lang='lat' dir='ltr'>Si</span> <span class='ocrx_word' id='word_1_68' title='bbox 433 981 516 1007; x_wconf 89' lang='lat' dir='ltr'>non</span> <span class='ocrx_word' id='word_1_69' title='bbox 547 966 758 1015; x_wconf 59' lang='lat' dir='ltr'>rediisses,</span> <span class='ocrx_word' id='word_1_70' title='bbox 798 966 897 1007; x_wconf 78' lang='lat' dir='ltr'>haec</span> <span class='ocrx_word' id='word_1_71' title='bbox 931 966 1016 1007; x_wconf 85' lang='lat' dir='ltr'>irae</span> <span class='ocrx_word' id='word_1_72' title='bbox 1052 966 1187 1008; x_wconf 73' lang='lat' dir='ltr'>factae</span> <span class='ocrx_word' id='word_1_73' title='bbox 1224 975 1360 1008; x_wconf 80' lang='lat' dir='ltr'><strong>essent</strong></span> <span class='ocrx_word' id='word_1_74' title='bbox 1395 967 1524 1008; x_wconf 91' lang='lat' dir='ltr'>multo</span> 
     </span>
     <span class='ocr_line' id='line_1_15' title="bbox 803 1028 1038 1083; baseline 0.004 -15"><span class='ocrx_word' id='word_1_75' title='bbox 803 1028 1038 1083; x_wconf 59' lang='lat' dir='ltr'>ampliores</span> 
     </span>
     <span class='ocr_line' id='line_1_16' title="bbox 151 1091 1524 1147; baseline 0.002 -18"><span class='ocrx_word' id='word_1_76' title='bbox 151 1095 219 1129; x_wconf 80' lang='lat'>290</span> <span class='ocrx_word' id='word_1_77' title='bbox 359 1091 446 1133; x_wconf 75' lang='lat' dir='ltr'>Sed</span> <span class='ocrx_word' id='word_1_78' title='bbox 469 1106 580 1133; x_wconf 90' lang='lat' dir='ltr'>nunc</span> <span class='ocrx_word' id='word_1_79' title='bbox 606 1091 833 1133; x_wconf 75' lang='lat' dir='ltr'>aduentum</span> <span class='ocrx_word' id='word_1_80' title='bbox 860 1102 975 1132; x_wconf 89' lang='lat' dir='ltr'>tuom</span> <span class='ocrx_word' id='word_1_81' title='bbox 996 1091 1153 1141; x_wconf 89' lang='lat' dir='ltr'>ambas,</span> <span class='ocrx_word' id='word_1_82' title='bbox 1179 1091 1414 1147; x_wconf 73' lang='lat' dir='ltr'>Pamphile,</span> <span class='ocrx_word' id='word_1_83' title='bbox 1439 1092 1524 1133; x_wconf 90' lang='lat' dir='ltr'>scio</span> 
     </span>
     <span class='ocr_line' id='line_1_17' title="bbox 804 1153 1075 1195; baseline 0.007 -2"><span class='ocrx_word' id='word_1_84' title='bbox 804 1153 1075 1195; x_wconf 81' lang='lat' dir='ltr'>re&#39;uerituras:</span> 
     </span>
     <span class='ocr_line' id='line_1_18' title="bbox 356 1216 1524 1272; baseline 0 -14"><span class='ocrx_word' id='word_1_85' title='bbox 356 1217 462 1258; x_wconf 79' lang='lat' dir='ltr'>Rem</span> <span class='ocrx_word' id='word_1_86' title='bbox 484 1230 724 1272; x_wconf 82' lang='lat' dir='ltr'>cognosces,</span> <span class='ocrx_word' id='word_1_87' title='bbox 750 1217 852 1256; x_wconf 86' lang='lat' dir='ltr'>iram</span> <span class='ocrx_word' id='word_1_88' title='bbox 874 1216 1082 1271; x_wconf 83' lang='lat' dir='ltr'>expedies,</span> <span class='ocrx_word' id='word_1_89' title='bbox 1103 1217 1265 1258; x_wconf 78' lang='lat' dir='ltr'>rursum</span> <span class='ocrx_word' id='word_1_90' title='bbox 1286 1216 1327 1257; x_wconf 95' lang='lat' dir='ltr'>in</span> <span class='ocrx_word' id='word_1_91' title='bbox 1348 1217 1524 1272; x_wconf 71' lang='lat' dir='ltr'>gratiam</span> 
     </span>
     <span class='ocr_line' id='line_1_19' title="bbox 803 1278 1008 1320; baseline 0 -1"><span class='ocrx_word' id='word_1_92' title='bbox 803 1278 1008 1320; x_wconf 85' lang='lat' dir='ltr'>restitues.</span> 
     </span>
     <span class='ocr_line' id='line_1_20' title="bbox 358 1340 1526 1396; baseline 0 -15"><span class='ocrx_word' id='word_1_93' title='bbox 358 1340 492 1381; x_wconf 85' lang='lat' dir='ltr'>Le&#39;uia</span> <span class='ocrx_word' id='word_1_94' title='bbox 518 1349 626 1390; x_wconf 86' lang='lat' dir='ltr'>sunt,</span> <span class='ocrx_word' id='word_1_95' title='bbox 653 1355 759 1394; x_wconf 73' lang='lat' dir='ltr'>quae</span> <span class='ocrx_word' id='word_1_96' title='bbox 785 1341 830 1381; x_wconf 71' lang='lat' dir='ltr'>tu</span> <span class='ocrx_word' id='word_1_97' title='bbox 847 1341 1070 1396; x_wconf 82' lang='lat' dir='ltr'>pergrauia</span> <span class='ocrx_word' id='word_1_98' title='bbox 1090 1355 1179 1382; x_wconf 85' lang='lat' dir='ltr'>esse</span> <span class='ocrx_word' id='word_1_99' title='bbox 1198 1342 1240 1382; x_wconf 85' lang='lat' dir='ltr'>in</span> <span class='ocrx_word' id='word_1_100' title='bbox 1261 1341 1444 1382; x_wconf 87' lang='lat' dir='ltr'>animum</span> <span class='ocrx_word' id='word_1_101' title='bbox 1465 1340 1526 1381; x_wconf 89' lang='lat' dir='ltr'>in-</span> 
     </span>
     <span class='ocr_line' id='line_1_21' title="bbox 809 1403 1078 1444; baseline 0.004 -1"><span class='ocrx_word' id='word_1_102' title='bbox 809 1403 927 1443; x_wconf 86' lang='lat' dir='ltr'>duxti</span> <span class='ocrx_word' id='word_1_103' title='bbox 952 1404 1078 1444; x_wconf 83' lang='lat' dir='ltr'>tuom.</span> 
     </span>
     <span class='ocr_line' id='line_1_22' title="bbox 243 1465 1525 1521; baseline -0.001 -13"><span class='ocrx_word' id='word_1_104' title='bbox 243 1467 350 1508; x_wconf 65' lang='lat' dir='ltr'><strong>PAM.</strong></span> <span class='ocrx_word' id='word_1_105' title='bbox 384 1466 497 1519; x_wconf 81' lang='lat' dir='ltr'>Quid</span> <span class='ocrx_word' id='word_1_106' title='bbox 523 1465 737 1507; x_wconf 79' lang='lat' dir='ltr'>consolare</span> <span class='ocrx_word' id='word_1_107' title='bbox 762 1466 853 1507; x_wconf 79' lang='lat' dir='ltr'>me?</span> <span class='ocrx_word' id='word_1_108' title='bbox 883 1469 936 1507; x_wconf 65' lang='lat' dir='ltr'>an</span> <span class='ocrx_word' id='word_1_109' title='bbox 968 1466 1187 1520; x_wconf 86' lang='lat' dir='ltr'>quisquam</span> <span class='ocrx_word' id='word_1_110' title='bbox 1217 1481 1395 1520; x_wconf 87' lang='lat' dir='ltr'>usquam</span> <span class='ocrx_word' id='word_1_111' title='bbox 1424 1468 1525 1521; x_wconf 76' lang='lat' dir='ltr'>gen-</span> 
     </span>
     <span class='ocr_line' id='line_1_23' title="bbox 805 1528 1278 1582; baseline 0.002 -13"><span class='ocrx_word' id='word_1_112' title='bbox 805 1528 949 1570; x_wconf 86' lang='lat' dir='ltr'>tiumst</span> <span class='ocrx_word' id='word_1_113' title='bbox 973 1531 1104 1582; x_wconf 74' lang='lat' dir='ltr'>aeque</span> <span class='ocrx_word' id='word_1_114' title='bbox 1130 1529 1278 1571; x_wconf 82' lang='lat' dir='ltr'>miser?</span> 
     </span>
     <span class='ocr_line' id='line_1_24' title="bbox 356 1591 1525 1645; baseline 0 -13"><span class='ocrx_word' id='word_1_115' title='bbox 356 1591 481 1632; x_wconf 89' lang='lat' dir='ltr'>Prius</span> <span class='ocrx_word' id='word_1_116' title='bbox 518 1605 643 1645; x_wconf 88' lang='lat' dir='ltr'>quam</span> <span class='ocrx_word' id='word_1_117' title='bbox 680 1591 788 1632; x_wconf 62' lang='lat' dir='ltr'>hanc</span> <span class='ocrx_word' id='word_1_118' title='bbox 818 1605 990 1632; x_wconf 85' lang='lat' dir='ltr'>uxorem</span> <span class='ocrx_word' id='word_1_119' title='bbox 1027 1591 1146 1640; x_wconf 78' lang='lat' dir='ltr'>duxi,</span> <span class='ocrx_word' id='word_1_120' title='bbox 1183 1591 1392 1632; x_wconf 86' lang='lat' dir='ltr'>habebam</span> <span class='ocrx_word' id='word_1_121' title='bbox 1427 1591 1525 1632; x_wconf 86' lang='lat' dir='ltr'>alibi</span> 
     </span>
     <span class='ocr_line' id='line_1_25' title="bbox 315 1654 1378 1711; baseline 0 -17"><span class='ocrx_word' id='word_1_122' title='bbox 315 1708 318 1711; x_wconf 17' lang='grc' dir='ltr'>ι</span> <span class='ocrx_word' id='word_1_123' title='bbox 807 1654 993 1695; x_wconf 67' lang='lat' dir='ltr'>animum</span> <span class='ocrx_word' id='word_1_124' title='bbox 1017 1654 1148 1694; x_wconf 85' lang='lat' dir='ltr'>amori</span> <span class='ocrx_word' id='word_1_125' title='bbox 1173 1654 1378 1695; x_wconf 75' lang='lat' dir='ltr'>deditum:</span> 
     </span>
     <span class='ocr_line' id='line_1_26' title="bbox 153 1717 1524 1771; baseline 0.003 -17"><span class='ocrx_word' id='word_1_126' title='bbox 153 1720 220 1754; x_wconf 80' lang='lat'>295</span> <span class='ocrx_word' id='word_1_127' title='bbox 357 1717 518 1758; x_wconf 78' lang='lat' dir='ltr'>Tamen</span> <span class='ocrx_word' id='word_1_128' title='bbox 543 1731 772 1771; x_wconf 84' lang='lat' dir='ltr'>numquam</span> <span class='ocrx_word' id='word_1_129' title='bbox 799 1731 923 1758; x_wconf 84' lang='lat' dir='ltr'>ausus</span> <span class='ocrx_word' id='word_1_130' title='bbox 949 1717 1041 1757; x_wconf 77' lang='lat' dir='ltr'>sum</span> <span class='ocrx_word' id='word_1_131' title='bbox 1066 1731 1256 1758; x_wconf 85' lang='lat' dir='ltr'>recusare</span> <span class='ocrx_word' id='word_1_132' title='bbox 1283 1719 1374 1758; x_wconf 72' lang='lat' dir='ltr'>eam</span> <span class='ocrx_word' id='word_1_133' title='bbox 1399 1731 1524 1771; x_wconf 87' lang='lat' dir='ltr'>quam</span> 
     </span>
     <span class='ocr_line' id='line_1_27' title="bbox 806 1779 1231 1833; baseline 0 -14"><span class='ocrx_word' id='word_1_134' title='bbox 806 1779 863 1819; x_wconf 91' lang='lat' dir='ltr'>mi</span> <span class='ocrx_word' id='word_1_135' title='bbox 889 1779 1070 1820; x_wconf 86' lang='lat' dir='ltr'>obtrudit</span> <span class='ocrx_word' id='word_1_136' title='bbox 1096 1788 1231 1833; x_wconf 87' lang='lat' dir='ltr'>pater:</span> 
     </span>
     <span class='ocr_line' id='line_1_28' title="bbox 357 1841 1524 1895; baseline 0 -12"><span class='ocrx_word' id='word_1_137' title='bbox 357 1843 448 1883; x_wconf 84' lang='lat' dir='ltr'>Iam</span> <span class='ocrx_word' id='word_1_138' title='bbox 472 1841 514 1882; x_wconf 93' lang='lat' dir='ltr'>in</span> <span class='ocrx_word' id='word_1_139' title='bbox 539 1841 616 1883; x_wconf 67' lang='lat' dir='ltr'>hac</span> <span class='ocrx_word' id='word_1_140' title='bbox 641 1857 698 1891; x_wconf 89' lang='lat' dir='ltr'>re,</span> <span class='ocrx_word' id='word_1_141' title='bbox 725 1849 770 1882; x_wconf 91' lang='lat' dir='ltr'>ut</span> <span class='ocrx_word' id='word_1_142' title='bbox 795 1848 969 1890; x_wconf 82' lang='lat' dir='ltr'>taceam,</span> <span class='ocrx_word' id='word_1_143' title='bbox 996 1841 1159 1895; x_wconf 85' lang='lat' dir='ltr'>quoiuis</span> <span class='ocrx_word' id='word_1_144' title='bbox 1186 1841 1306 1883; x_wconf 89' lang='lat' dir='ltr'>facile</span> <span class='ocrx_word' id='word_1_145' title='bbox 1333 1843 1437 1883; x_wconf 80' lang='lat' dir='ltr'>scitu</span> <span class='ocrx_word' id='word_1_146' title='bbox 1463 1851 1524 1884; x_wconf 87' lang='lat' dir='ltr'>est</span> 
     </span>
     <span class='ocr_line' id='line_1_29' title="bbox 805 1904 1265 1957; baseline 0 -13"><span class='ocrx_word' id='word_1_147' title='bbox 805 1918 931 1957; x_wconf 91' lang='lat' dir='ltr'>quam</span> <span class='ocrx_word' id='word_1_148' title='bbox 957 1904 1106 1945; x_wconf 86' lang='lat' dir='ltr'>fuerim</span> <span class='ocrx_word' id='word_1_149' title='bbox 1131 1904 1265 1945; x_wconf 82' lang='lat' dir='ltr'>miser.</span> 
     </span>
     <span class='ocr_line' id='line_1_30' title="bbox 357 1966 1525 2021; baseline -0.002 -11"><span class='ocrx_word' id='word_1_150' title='bbox 357 1967 442 2010; x_wconf 86' lang='lat' dir='ltr'>Vix</span> <span class='ocrx_word' id='word_1_151' title='bbox 467 1982 533 2009; x_wconf 87' lang='lat' dir='ltr'>me</span> <span class='ocrx_word' id='word_1_152' title='bbox 557 1967 657 2008; x_wconf 80' lang='lat' dir='ltr'>illim</span> <span class='ocrx_word' id='word_1_153' title='bbox 682 1966 866 2008; x_wconf 74' lang='lat' dir='ltr'>abstraxi</span> <span class='ocrx_word' id='word_1_154' title='bbox 897 1974 1021 2020; x_wconf 85' lang='lat' dir='ltr'>atque</span> <span class='ocrx_word' id='word_1_155' title='bbox 1051 1967 1282 2021; x_wconf 85' lang='lat' dir='ltr'>inpeditum</span> <span class='ocrx_word' id='word_1_156' title='bbox 1314 1966 1356 2007; x_wconf 87' lang='lat' dir='ltr'>in</span> <span class='ocrx_word' id='word_1_157' title='bbox 1381 1982 1429 2007; x_wconf 89' lang='lat' dir='ltr'>ea</span> <span class='ocrx_word' id='word_1_158' title='bbox 1454 1967 1525 2008; x_wconf 78' lang='lat' dir='ltr'>ex—</span> 
     </span>
     <span class='ocr_line' id='line_1_31' title="bbox 804 2028 1332 2083; baseline -0.004 -13"><span class='ocrx_word' id='word_1_159' title='bbox 804 2028 945 2083; x_wconf 88' lang='lat' dir='ltr'>pediui</span> <span class='ocrx_word' id='word_1_160' title='bbox 971 2029 1154 2069; x_wconf 69' lang='lat' dir='ltr'>animum</span> <span class='ocrx_word' id='word_1_161' title='bbox 1180 2044 1332 2074; x_wconf 86' lang='lat' dir='ltr'>meum,</span> 
     </span>
     <span class='ocr_line' id='line_1_32' title="bbox 356 2090 1523 2146; baseline -0.003 -10"><span class='ocrx_word' id='word_1_162' title='bbox 356 2092 522 2145; x_wconf 85' lang='lat' dir='ltr'>Vixque</span> <span class='ocrx_word' id='word_1_163' title='bbox 542 2090 623 2132; x_wconf 74' lang='lat' dir='ltr'>huc</span> <span class='ocrx_word' id='word_1_164' title='bbox 643 2091 918 2133; x_wconf 88' lang='lat' dir='ltr'>contuleram:</span> <span class='ocrx_word' id='word_1_165' title='bbox 941 2106 1019 2141; x_wconf 87' lang='lat' dir='ltr'>em,</span> <span class='ocrx_word' id='word_1_166' title='bbox 1039 2093 1150 2132; x_wconf 79' lang='lat' dir='ltr'>noua</span> <span class='ocrx_word' id='word_1_167' title='bbox 1168 2107 1233 2133; x_wconf 89' lang='lat' dir='ltr'>res</span> <span class='ocrx_word' id='word_1_168' title='bbox 1248 2100 1387 2140; x_wconf 82' lang='lat' dir='ltr'>ortast,</span> <span class='ocrx_word' id='word_1_169' title='bbox 1402 2093 1523 2146; x_wconf 72' lang='lat' dir='ltr'>pdrro</span> 
     </span>
     <span class='ocr_line' id='line_1_33' title="bbox 809 2154 1438 2208; baseline 0 -14"><span class='ocrx_word' id='word_1_170' title='bbox 809 2154 861 2195; x_wconf 85' lang='lat' dir='ltr'>ab</span> <span class='ocrx_word' id='word_1_171' title='bbox 886 2154 964 2195; x_wconf 87' lang='lat' dir='ltr'>hac</span> <span class='ocrx_word' id='word_1_172' title='bbox 990 2169 1095 2208; x_wconf 86' lang='lat' dir='ltr'>quae</span> <span class='ocrx_word' id='word_1_173' title='bbox 1121 2170 1187 2195; x_wconf 90' lang='lat' dir='ltr'>me</span> <span class='ocrx_word' id='word_1_174' title='bbox 1212 2154 1438 2195; x_wconf 68' lang='lat' dir='ltr'>abstrahat.</span> 
     </span>
     <span class='ocr_line' id='line_1_34' title="bbox 357 2216 1524 2271; baseline 0 -14"><span class='ocrx_word' id='word_1_175' title='bbox 357 2217 467 2257; x_wconf 89' lang='lat' dir='ltr'>Tum</span> <span class='ocrx_word' id='word_1_176' title='bbox 490 2218 663 2257; x_wconf 73' lang='lat' dir='ltr'>matrem</span> <span class='ocrx_word' id='word_1_177' title='bbox 686 2231 736 2257; x_wconf 91' lang='lat' dir='ltr'>ex</span> <span class='ocrx_word' id='word_1_178' title='bbox 756 2231 805 2257; x_wconf 86' lang='lat' dir='ltr'>ea</span> <span class='ocrx_word' id='word_1_179' title='bbox 824 2231 868 2257; x_wconf 89' lang='lat' dir='ltr'>re</span> <span class='ocrx_word' id='word_1_180' title='bbox 889 2231 953 2257; x_wconf 89' lang='lat' dir='ltr'>me</span> <span class='ocrx_word' id='word_1_181' title='bbox 980 2217 1050 2257; x_wconf 74' lang='lat' dir='ltr'>aut</span> <span class='ocrx_word' id='word_1_182' title='bbox 1070 2231 1242 2257; x_wconf 83' lang='lat' dir='ltr'>uxorem</span> <span class='ocrx_word' id='word_1_183' title='bbox 1260 2216 1302 2257; x_wconf 92' lang='lat' dir='ltr'>in</span> <span class='ocrx_word' id='word_1_184' title='bbox 1322 2216 1445 2271; x_wconf 78' lang='lat' dir='ltr'>culpa</span> <span class='ocrx_word' id='word_1_185' title='bbox 1463 2217 1524 2257; x_wconf 89' lang='lat' dir='ltr'>in-</span> 
     </span>
     <span class='ocr_line' id='line_1_35' title="bbox 803 2278 1247 2320; baseline -0.002 0"><span class='ocrx_word' id='word_1_186' title='bbox 803 2286 1027 2320; x_wconf 85' lang='lat' dir='ltr'>uenturum</span> <span class='ocrx_word' id='word_1_187' title='bbox 1052 2278 1247 2319; x_wconf 74' lang='lat' dir='ltr'>arbitror:</span> 
     </span>
    </p>
   </div>
   <div class='ocr_carea' id='block_1_3' title="bbox 152 2341 1556 2395">
    <p class='ocr_par' dir='ltr' id='par_1_3' title="bbox 152 2341 1556 2395">
     <span class='ocr_line' id='line_1_36' title="bbox 152 2341 1556 2395; baseline -0.004 -10"><span class='ocrx_word' id='word_1_188' title='bbox 152 2350 219 2385; x_wconf 88' lang='lat'>300</span> <span class='ocrx_word' id='word_1_189' title='bbox 357 2341 485 2394; x_wconf 82' lang='lat' dir='ltr'>Quod</span> <span class='ocrx_word' id='word_1_190' title='bbox 522 2356 648 2395; x_wconf 89' lang='lat' dir='ltr'>quom</span> <span class='ocrx_word' id='word_1_191' title='bbox 684 2342 742 2381; x_wconf 86' lang='lat' dir='ltr'>ita</span> <span class='ocrx_word' id='word_1_192' title='bbox 778 2356 867 2382; x_wconf 87' lang='lat' dir='ltr'>esse</span> <span class='ocrx_word' id='word_1_193' title='bbox 904 2341 1116 2389; x_wconf 77' lang='lat' dir='ltr'>inuenero,</span> <span class='ocrx_word' id='word_1_194' title='bbox 1153 2341 1253 2395; x_wconf 88' lang='lat' dir='ltr'>quid</span> <span class='ocrx_word' id='word_1_195' title='bbox 1290 2349 1417 2383; x_wconf 89' lang='lat' dir='ltr'>restat</span> <span class='ocrx_word' id='word_1_196' title='bbox 1447 2341 1556 2381; x_wconf 79' lang='lat' dir='ltr'>nisi2</span> 
     </span>
    </p>
   </div>
   <div class='ocr_carea' id='block_1_4' title="bbox 354 2403 1524 2708">
    <p class='ocr_par' dir='ltr' id='par_1_4' title="bbox 804 2403 1292 2457">
     <span class='ocr_line' id='line_1_37' title="bbox 804 2403 1292 2457; baseline 0 -14"><span class='ocrx_word' id='word_1_197' title='bbox 804 2418 925 2457; x_wconf 87' lang='lat' dir='ltr'>porro</span> <span class='ocrx_word' id='word_1_198' title='bbox 951 2411 994 2443; x_wconf 86' lang='lat' dir='ltr'>ut</span> <span class='ocrx_word' id='word_1_199' title='bbox 1020 2403 1117 2443; x_wconf 72' lang='lat' dir='ltr'>fiam</span> <span class='ocrx_word' id='word_1_200' title='bbox 1143 2403 1292 2444; x_wconf 82' lang='lat' dir='ltr'>miser?</span> 
     </span>
    </p>

    <p class='ocr_par' dir='ltr' id='par_1_5' title="bbox 354 2465 1524 2577">
     <span class='ocr_line' id='line_1_38' title="bbox 354 2465 1524 2519; baseline -0.003 -12"><span class='ocrx_word' id='word_1_201' title='bbox 354 2466 464 2507; x_wconf 89' lang='lat' dir='ltr'>Nam</span> <span class='ocrx_word' id='word_1_202' title='bbox 494 2466 636 2506; x_wconf 66' lang='lat' dir='ltr'>matris</span> <span class='ocrx_word' id='word_1_203' title='bbox 669 2465 776 2507; x_wconf 89' lang='lat' dir='ltr'>ferre</span> <span class='ocrx_word' id='word_1_204' title='bbox 807 2465 976 2506; x_wconf 79' lang='lat' dir='ltr'>iniurias</span> <span class='ocrx_word' id='word_1_205' title='bbox 1007 2481 1092 2515; x_wconf 87' lang='lat' dir='ltr'>me,</span> <span class='ocrx_word' id='word_1_206' title='bbox 1129 2465 1356 2514; x_wconf 64' lang='lat' dir='ltr'>PdrmenQ</span> <span class='ocrx_word' id='word_1_207' title='bbox 1394 2465 1524 2519; x_wconf 71' lang='lat' dir='ltr'>pietas</span> 
     </span>
     <span class='ocr_line' id='line_1_39' title="bbox 804 2527 938 2577; baseline 0.007 -9"><span class='ocrx_word' id='word_1_208' title='bbox 804 2527 938 2577; x_wconf 84' lang='lat' dir='ltr'>iubet3</span> 
     </span>
    </p>

    <p class='ocr_par' dir='ltr' id='par_1_6' title="bbox 354 2589 1524 2708">
     <span class='ocr_line' id='line_1_40' title="bbox 354 2589 1524 2632; baseline -0.002 -1"><span class='ocrx_word' id='word_1_209' title='bbox 354 2591 464 2631; x_wconf 86' lang='lat' dir='ltr'>Tum</span> <span class='ocrx_word' id='word_1_210' title='bbox 502 2591 621 2632; x_wconf 80' lang='lat' dir='ltr'>uxori</span> <span class='ocrx_word' id='word_1_211' title='bbox 658 2589 859 2631; x_wconf 75' lang='lat' dir='ltr'>obnoxius</span> <span class='ocrx_word' id='word_1_212' title='bbox 897 2605 1007 2631; x_wconf 87' lang='lat' dir='ltr'>sum:</span> <span class='ocrx_word' id='word_1_213' title='bbox 1044 2589 1102 2630; x_wconf 87' lang='lat' dir='ltr'>ita</span> <span class='ocrx_word' id='word_1_214' title='bbox 1134 2590 1231 2632; x_wconf 85' lang='lat' dir='ltr'>olim</span> <span class='ocrx_word' id='word_1_215' title='bbox 1263 2591 1336 2631; x_wconf 75' lang='lat' dir='ltr'>suo</span> <span class='ocrx_word' id='word_1_216' title='bbox 1368 2605 1432 2630; x_wconf 90' lang='lat' dir='ltr'>me</span> <span class='ocrx_word' id='word_1_217' title='bbox 1463 2589 1524 2630; x_wconf 88' lang='lat' dir='ltr'>in—</span> 
     </span>
     <span class='ocr_line' id='line_1_41' title="bbox 803 2652 1133 2708; baseline 0 -15"><span class='ocrx_word' id='word_1_218' title='bbox 803 2653 925 2708; x_wconf 81' lang='lat' dir='ltr'>genio</span> <span class='ocrx_word' id='word_1_219' title='bbox 951 2652 1133 2708; x_wconf 71' lang='lat' dir='ltr'>pertulit,</span> 
     </span>
    </p>
   </div>
   <div class='ocr_carea' id='block_1_5' title="bbox 1543 1105 1575 1129">
    <p class='ocr_par' dir='ltr' id='par_1_7' title="bbox 1543 1105 1575 1129">
     <span class='ocr_line' id='line_1_42' title="bbox 1543 1105 1575 1129; baseline 0.031 -1"><span class='ocrx_word' id='word_1_220' title='bbox 1543 1105 1575 1129; x_wconf 88' lang='lat'>10</span> 
     </span>
    </p>
   </div>
   <div class='ocr_carea' id='block_1_6' title="bbox 1544 1731 1575 1755">
    <p class='ocr_par' dir='ltr' id='par_1_8' title="bbox 1544 1731 1575 1755">
     <span class='ocr_line' id='line_1_43' title="bbox 1544 1731 1575 1755; baseline 0.032 -1"><span class='ocrx_word' id='word_1_221' title='bbox 1544 1731 1575 1755; x_wconf 84' lang='lat'>16</span> 
     </span>
    </p>
   </div>
   <div class='ocr_carea' id='block_1_7' title="bbox 1543 1854 1575 1879">
    <p class='ocr_par' dir='ltr' id='par_1_9' title="bbox 1543 1854 1575 1879">
     <span class='ocr_line' id='line_1_44' title="bbox 1543 1854 1575 1879; baseline 0.031 -1"><span class='ocrx_word' id='word_1_222' title='bbox 1543 1854 1575 1879; x_wconf 88' lang='lat'>15</span> 
     </span>
    </p>
   </div>
  </div>
 </body>
</html>
