1700 2984
277 202 358 245 174
801 214 1031 251 ΡΗΟΒΜΙΟ
1514 213 1580 260 IV,
1597 212 1618 249 1

710 591 978 645 ACTVS
1014 593 1111 645 IV.

604 704 868 747 Dampno
962 703 1222 747 CHREMES

673 781 794 809 sunus
1077 783 1107 808 11

272 853 355 897 Dm.
388 854 526 907 Quid?
570 859 653 910 qua
694 857 904 912 profectus
947 857 1074 899 causa
1109 856 1206 899 hinc
1241 872 1284 899 es
1319 856 1620 904 Lemnum‚1v‚1

834 917 1048 968 Chremes,

385 980 607 1021 Adduxtin
634 988 771 1022 tecum
796 982 952 1023 filiam?
989 980 1068 1024 Cn.
1094 982 1202 1023 Non.
1246 980 1328 1022 Da.
1356 979 1471 1033 Quid
1495 979 1552 1021 ita

836 1046 944 1086 non?

274 1104 350 1147 Cn.
383 1105 615 1160 Postquam
640 1106 755 1148 uidet
780 1122 845 1148 me
871 1107 961 1148 eius
986 1108 1119 1147 meter
1143 1120 1233 1148 esse
1258 1105 1325 1146 hic
1350 1104 1516 1154 diutius,

182 1178 250 1212 570
387 1166 524 1209 Simul
549 1169 688 1210 autem
712 1184 796 1210 non
821 1170 1018 1210 manebat
1042 1176 1154 1210 aetas
1177 1167 1351 1224 uirginis

385 1230 531 1272 Meam
555 1231 877 1286 neclegentiam:
902 1234 1035 1287 ipsam
1061 1246 1155 1272 cum
1181 1231 1294 1272 omni
1317 1229 1475 1271 familia
1589 1241 1604 1266 5

385 1293 457 1334 Ad
496 1295 563 1334 me
604 1294 834 1348 profectam
872 1309 961 1335 esse
998 1294 1150 1334 aibant.
1219 1293 1301 1334 DE.
1347 1292 1461 1345 Quid
1495 1291 1554 1334 illi

834 1358 919 1397 tam
945 1355 1016 1397 diu

386 1417 554 1469 Quaeso
578 1418 707 1474 igitur
731 1419 1058 1467 commorebare‚
1083 1418 1157 1459 ubi
1181 1418 1224 1458 id
1249 1417 1463 1459 audieras?

273 1478 352 1522 Cn.
383 1480 463 1522 Pol
499 1481 565 1521 me
601 1481 775 1522 detinuit
806 1481 989 1522 merbus.
1049 1480 1130 1521 Dm.
1168 1480 1316 1522 Vnde?
1351 1487 1423 1521 aut
1458 1480 1553 1534 qul?

838 1542 917 1584 Cn.
954 1543 1120 1598 Rogas?

183 1609 249 1644 575
387 1603 591 1646 Senectus
616 1605 746 1660 ipsast
769 1606 951 1647 merbus.
1001 1605 1075 1647 sed
1099 1606 1264 1646 uenisse
1287 1619 1357 1646 eas

387 1666 537 1709 Saluas
563 1668 705 1709 audiui
732 1683 783 1709 ex
806 1669 934 1709 nauta
958 1668 1029 1721 qui
1052 1667 1144 1709 illas
1169 1668 1349 1709 uexerat.
1574 1681 1605 1706 ιο

273 1730 355 1772 ΒΕ.
387 1729 502 1782 Quid
514 1732 642 1786 gnato
657 1731 852 1786 obtigerit
866 1746 931 1772 me
945 1731 1130 1779 absente,
1146 1729 1311 1778 audisti,
1327 1728 1554 1772 Chremes?

275 1792 353 1835 Cn.
387 1793 513 1844 Quod
537 1793 706 1847 quidem
731 1809 797 1835 me
821 1793 978 1834 factum
1004 1793 1148 1834 censili
1174 1793 1376 1833 incertum
1401 1792 1513 1834 facit.

385 1855 496 1896 Nam
520 1855 627 1897 hanc
652 1856 937 1897 cendicionem
962 1856 997 1897 sl'
1021 1855 1118 1910 quoi
1144 1856 1275 1896 tulero
1301 1855 1490 1904 extriti-io,

183 1927 251 1962 580
388 1917 483 1969 Quo
503 1920 625 1973 pacto
645 1926 716 1960 aut
735 1919 846 1960 unde
865 1918 966 1959 mihi
991 1918 1042 1959 sit
1062 1917 1289 1958 dicundum
1310 1918 1452 1959 erdine
1478 1926 1552 1960 est.

387 1981 449 2022 Te
485 1981 586 2021 mihi
621 1981 786 2023 fidelem
823 1996 911 2022 esse
949 1982 1081 2034 aeque
1112 1989 1236 2033 atque
1268 1988 1431 2035 egomet
1462 1982 1554 2022 sum
1572 1993 1604 2019 15

836 2042 937 2084 mihi

389 2104 572 2146 Scibam.
620 2105 688 2146 ssle
714 2105 747 2146 si
771 2120 838 2146 me
863 2105 1020 2146 alienus
1046 2104 1225 2145 adfinem
1248 2104 1373 2154 uolet,

388 2167 576 2216 Tacebit,
604 2166 703 2208 dum
728 2167 954 2209 intercedet
980 2167 1255 2215 familieritas3

390 2229 466 2271 Sin
512 2230 716 2284 spreuerit
762 2245 847 2279 me,
895 2231 987 2284 plus
1035 2243 1159 2282 quam
1202 2244 1306 2284 opus
1349 2236 1410 2271 est
1451 2229 1554 2272 scite

840 2301 953 2332 sciet.
988 2324 991 2325 ν

185 2360 252 2395 585
388 2355 632 2409 Vereerque
656 2370 708 2395 ne
736 2369 840 2395 uxor
863 2354 1003 2408 aliqua
1027 2353 1104 2394 hoc
1129 2353 1322 2395 resciscat
1346 2368 1458 2395 mea:

389 2417 516 2470 Quod
558 2419 591 2458 si
638 2417 702 2466 fit,
750 2425 795 2458 ut
842 2432 908 2458 me
951 2416 1157 2458 excutiam
1199 2424 1325 2470 atque
1368 2416 1556 2471 egrediar
1574 2430 1607 2455 20

836 2479 972 2528 domo,

387 2542 439 2584 Id
468 2543 612 2591 restat3
638 2557 735 2582 nam
761 2556 839 2597 ego
865 2542 1053 2583 meerum
1077 2541 1188 2582 solus
1214 2540 1306 2581 sum
1331 2555 1460 2582 meus.

275 2605 356 2647 DE.
391 2604 487 2646 Scio
512 2605 569 2645 ita
593 2605 695 2652 esse,
723 2612 763 2645 et
787 2604 915 2645 istaec
939 2603 1040 2644 mihi
1064 2618 1129 2645 res
1155 2602 1472 2653 sollicitudinist‚

388 2668 535 2721 Neque
562 2667 782 2708 defetiscar
807 2667 936 2720 usque
962 2666 1065 2707 adeo
1092 2666 1328 2720 experirier,

185 2735 252 2771 590
388 2729 536 2772 Donec
561 2730 634 2771 tibi
659 2729 701 2770 id
727 2729 837 2784 quod
863 2728 1067 2785 pellicitus
1093 2744 1185 2770 sum
1210 2727 1400 2770 effecero.
