1700 2984
147 137 194 184 v,
210 140 242 173 5.
261 139 282 173 6
715 135 985 172 EvaoHvs
1410 126 1488 168 143

217 218 288 260 SE.
325 218 409 260 Pro
435 216 678 259 eunuchon?
725 216 802 259 PA.
842 216 914 259 Sic
938 223 1012 259 est.
1061 216 1171 257 hunc
1194 231 1269 271 pro
1294 216 1466 258 moecho

769 280 916 334 postea

327 341 623 397 Conprendere
665 341 776 382 intus
819 343 858 382 et
894 341 1188 383 constrinxere.
1261 340 1331 383 Sn.
1381 327 1466 383 Oc-

773 403 866 444 cidi.

212 467 290 508 PA.
322 466 558 508 Audaciam
595 466 856 507 meretricum
892 473 1045 520 specta.
1114 464 1183 506 Sa,
1224 466 1337 507 Num
1366 466 1467 520 quid

784 535 845 568 est

162 603 194 629 25
325 590 455 631 Aliud
480 590 577 631 mali
602 589 797 631 damniue
821 589 933 644 quod
957 604 1040 630 non
1065 588 1231 638 dixeris,
1514 599 1580 633 995

324 653 566 695 Relicuom?
606 652 682 693 ΡΑ.
709 652 946 693 Tantumst.
992 651 1062 693 SE.
1096 650 1228 693 Cesso
1254 651 1335 694 huo
1359 652 1466 693 intro

771 715 987 769 rumpere?
1014 738 1069 743 —

211 778 289 819 ΡΑ.
321 778 416 819 Non
452 777 666 819 dubiumst
695 776 796 830 quin
831 777 887 817 mi
923 778 1122 832 magnum
1153 792 1204 818 ex
1235 776 1313 818 hac
1341 792 1386 819 re
1416 779 1467 818 sit

770 840 946 888 malum3

323 903 427 952 Nisi,
452 904 550 956 quia
573 916 768 944 necessus
793 901 872 942 fuit
896 902 974 943 hoc
999 902 1149 950 facere,
1175 901 1217 942 id
1242 900 1405 957 gaudeo

322 966 501 1020 Propter
523 980 590 1006 me
613 964 727 1006 hisce
752 964 909 1018 aliquid
933 966 1024 1006 esse
1048 964 1295 1006 euenturum
1322 964 1431 1004 mali.

159 1039 194 1066 30
323 1028 433 1069 Nam
457 1028 540 1068 iam
566 1027 637 1068 diu
661 1027 842 1081 aliquam
867 1028 1034 1068 causam
1060 1026 1287 1080 quaerebat
1315 1042 1454 1076 senex,
1492 1036 1580 1071 1000

323 1090 463 1144 Quam
494 1090 547 1131 ob
578 1105 664 1132 rem
695 1090 858 1145 insigne
889 1089 1046 1143 aliquid
1071 1089 1225 1131 faceret
1249 1089 1326 1131 eis:
1357 1104 1467 1131 nunc

773 1152 966 1208 repperit.

533 1277 780 1318 Pvrmxs
894 1277 1164 1319 PARMENO

568 1348 739 1376 AuemnA
954 1348 1100 1375 smzvos

145 1402 286 1444 v‚ePY.
318 1403 559 1456 Numquam
579 1402 727 1457 e'depol
752 1401 975 1456 quicquam
995 1402 1077 1442 iam
1103 1401 1173 1442 diu
1197 1401 1309 1455 quod
1334 1402 1466 1457 magis

772 1464 924 1505 uellem
950 1465 1129 1513 euenire,

322 1527 386 1569 Mi
411 1527 563 1577 euenit,
595 1542 721 1582 quam
746 1527 858 1581 quod
882 1527 1006 1567 modo
1033 1541 1158 1567 senex
1183 1525 1289 1567 intro
1313 1526 1367 1567 ad
1391 1541 1466 1568 nos

769 1588 884 1630 uenit
908 1590 1062 1629 errans.

320 1651 429 1692 Mihi
476 1651 586 1693 solae
632 1650 806 1692 ridiculo
854 1651 950 1699 fuit,
999 1665 1106 1705 quae
1158 1650 1258 1704 quid
1305 1651 1467 1692 timeret

773 1713 942 1755 scibam.

208 1776 285 1818 PA.
313 1776 428 1829 Quid
453 1776 532 1817 hoe
556 1776 757 1817 autemst?
804 1774 881 1817 ΡΥ.
914 1775 1037 1816 Nune
1056 1776 1099 1816 id
1122 1775 1274 1830 prodeo
1300 1783 1345 1817 ut
1370 1790 1467 1817 eon·
1492 1783 1580 1818 1005

771 1838 937 1880 ueniam
962 1838 1283 1880 Parmenonem.

173 1913 191 1940 5
323 1901 408 1943 Sed
423 1901 492 1942 ubi
508 1901 679 1942 obsecro
694 1902 779 1943 est?
799 1900 876 1941 ΡΑ.
892 1901 965 1942 Me
979 1901 1141 1954 quaerit
1154 1901 1268 1942 haec.
1295 1901 1371 1942 Py.
1387 1901 1466 1943 At-

773 1978 854 2017 que
880 1965 1023 2004 eccum
1050 1963 1190 2004 uideo:
1217 1964 1353 2004 adibo.

208 2026 285 2067 ΡΑ.
320 2025 433 2077 Quid
458 2027 532 2075 est,
558 2026 721 2081 inepta?
747 2026 847 2079 quid
871 2026 946 2066 tibi
972 2026 1060 2066 uis?
1092 2025 1190 2079 quid
1215 2027 1349 2067 rides?
1373 2041 1466 2081 per-

767 2087 862 2142 gin?
920 2088 996 2128 ΡΥ.
1027 2087 1159 2127 Perii:

320 2149 502 2191 Defessa
525 2150 608 2190 iam
635 2165 727 2190 sum
753 2151 902 2190 misera
933 2157 971 2190 te
997 2149 1182 2191 ridendo,
1243 2149 1317 2190 PA.
1351 2148 1466 2201 Quid

769 2212 850 2252 ita?
908 2211 984 2252 PY.
1015 2211 1214 2266 Rogitas?

322 2274 563 2328 Numquam
610 2275 679 2329 pol
726 2274 937 2315 hominem
980 2274 1208 2315 stultiorem
1256 2273 1343 2315 uidi
1389 2289 1466 2316 nec

776 2337 940 2378 uidebo.
989 2336 1055 2385 ah,

322 2399 418 2441 Non
443 2401 613 2454 possum
639 2400 735 2441 satis
761 2402 941 2448 narrare,
967 2413 1069 2453 quos
1090 2399 1206 2440 ludos
1227 2399 1465 2454 praebueris
1492 2407 1579 2443 1010

769 2464 893 2503 intus.

159 2538 192 2563 10
327 2526 383 2566 At
418 2524 542 2565 etiam
578 2525 711 2580 primo
748 2524 942 2566 callidum
985 2531 1025 2566 et
1067 2524 1267 2565 disertum
1309 2524 1465 2566 credidi

771 2587 994 2627 hominem.

324 2648 462 2702 Quid?
486 2649 634 2711 ilicone
660 2649 826 2691 ore'dere
852 2664 900 2690 ea
924 2663 1031 2704 quae
1057 2647 1141 2688 dixi
1167 2649 1348 2703 oportuit
1373 2650 1437 2692 te?
