1700 2984
227 114 309 160 212
765 124 971 158 HECYRA
1464 127 1532 171 111,
1548 128 1570 162 3

338 204 497 246 Partim
522 218 629 258 quae
653 204 845 259 perspexi
871 204 984 246 hisce
1002 206 1145 254 oculis,
1171 207 1319 261 partim
1340 208 1504 263 percepi

789 267 978 308 auribus:

340 330 438 382 Qua
461 346 527 372 me
553 339 721 385 propter
746 330 1028 372 exanimatum
1054 332 1173 372 citius
1199 333 1324 374 eduxi
1347 334 1469 374 foras.

135 394 203 429 365
337 393 445 434 Nam
480 393 605 434 modo
641 392 748 433 intro
785 401 830 433 ut
866 394 932 434 me
975 394 1155 449 corripui
1197 396 1384 445 timidus,
1427 396 1505 437 alio
1538 407 1555 433 5

791 455 1006 509 suspicans

338 517 491 558 Mei-bo
510 532 577 558 me
597 517 784 557 uisfirum
805 517 1012 559 adfectam
1032 533 1080 559 ac
1100 519 1209 560 sensi
1224 534 1314 561 esse
1334 535 1505 562 uxorem

787 580 843 631 (ei
867 579 1003 632 mihi):

338 642 568 695 Pestquam
594 656 660 682 me
686 643 885 696 aspexere
911 644 1084 685 ancillae
1104 644 1336 694 aduenisse,
1363 659 1505 686 omnes

787 704 881 746 ilico

338 766 496 807 Laetae
534 766 769 807 exclamant
805 767 972 817 ‘uenit',
1008 767 1051 808 id
1087 768 1199 822 quod
1234 770 1300 809 me
1337 776 1506 824 repente

788 830 1048 883 aspexerant.

339 890 426 932 Sed
440 890 634 931 continuo
649 891 809 931 ueltum
824 906 967 932 earum
979 892 1087 932 sensi
1098 892 1292 933 inmutari
1307 893 1505 943 emnium,

133 961 200 996 370
338 952 450 1005 Quia
480 961 564 994 tam
594 953 856 995 incommode
886 954 966 995 illis
998 954 1082 995 fors
1115 954 1320 996 obtulerat
1349 955 1506 997 aduen-
1525 968 1556 993 ιο

357 1065 364 1076 ,
786 1016 872 1056 tum
900 1031 1052 1057 meum.

335 1079 433 1119 Vna
451 1078 614 1119 illarum
634 1078 790 1119 interea
810 1093 984 1133 propere
1004 1080 1288 1134 praecucurrit
1310 1080 1504 1121 nuntians

336 1141 410 1182 Me
435 1141 619 1183 uenisse:
653 1156 730 1195 ego
762 1143 849 1182 eius
875 1142 1045 1182 uidendi
1071 1143 1244 1197 cupidus
1270 1152 1383 1184 recta
1407 1145 1504 1184 cen-

788 1218 951 1257 sequor.

335 1267 566 1320 Pestquam
596 1266 702 1307 intro
734 1266 904 1314 adueni,
941 1267 1149 1321 extemplo
1186 1267 1274 1309 eius
1312 1268 1504 1309 merbum

785 1331 966 1383 cognouj
990 1329 1133 1379 miser3

335 1391 445 1432 Nam
469 1405 604 1445 neque
623 1398 669 1431 ut
690 1391 813 1432 celeri
831 1399 972 1445 posset
991 1393 1156 1447 tempus
1176 1392 1354 1447 spatium
1375 1393 1504 1434 ulh'im

787 1453 926 1502 daban

131 1524 198 1558 375
334 1517 483 1570 Neque
525 1530 630 1557 uoce
671 1516 753 1557 alia
795 1530 842 1556 ac
878 1517 943 1557 res
979 1516 1175 1558 monebat
1217 1518 1310 1572 ipsa
1344 1524 1505 1572 poterat
1524 1530 1556 1555 15

785 1578 995 1632 cdnqueri,

334 1641 566 1694 Pestquam
587 1640 741 1696 aspexi,
769 1645 811 1680 ‘o
831 1640 992 1681 facinus
1011 1641 1247 1696 indignum'
1273 1643 1444 1695 inquam
1464 1650 1503 1684 et

786 1702 964 1757 corripui
987 1703 1082 1743 ilico

335 1766 409 1807 Me
444 1766 542 1807 inde
577 1766 833 1814 lacrumans,
868 1765 1101 1807 incredibili
1136 1781 1180 1807 re
1217 1767 1341 1819 atque
1377 1767 1505 1808 atroci

783 1828 976 1883 percitus.

334 1891 473 1931 Mater
516 1890 801 1944 consequitur:
839 1890 921 1931 iam
958 1897 1003 1931 ut
1046 1890 1170 1931 limen
1212 1890 1407 1940 exieram,
1451 1891 1504 1932 ad

783 1967 921 2007 genua
947 1952 1097 1993 accidit

334 2015 596 2056 Lecrumans
623 2014 789 2056 misera:
817 2015 1098 2056 miseritumst.
1138 2015 1325 2069 profecto
1348 2015 1425 2057 hoc
1445 2016 1503 2059 sic

785 2088 858 2126 est,
884 2078 930 2117 ut
954 2086 1074 2131 puto:

132 2144 199 2179 380
339 2126 550 2181 Omnibus
575 2139 695 2180 nobis
719 2141 765 2180 ut
789 2154 854 2180 res
880 2140 979 2180 dant
1003 2154 1106 2189 sese,
1132 2141 1189 2180 ita
1213 2140 1354 2195 magni
1380 2149 1503 2194 atque
1521 2154 1554 2179 20

784 2201 959 2242 humiles
985 2217 1140 2242 sumus.

336 2266 460 2305 Hanc
486 2264 639 2306 habere
665 2264 892 2305 orationem
918 2266 1081 2305 mecum
1106 2264 1307 2319 principio
1331 2265 1495 2307 institit:

337 2313 398 2368 ‘O
420 2327 476 2367 mi
496 2327 728 2381 Pamphile,
753 2326 827 2367 zibs
847 2334 887 2367 te
908 2341 1032 2380 quam
1054 2327 1107 2367 ob
1126 2342 1213 2368 rem
1234 2327 1336 2369 haec
1356 2328 1503 2369 {ibierit

786 2390 953 2429 causzim
979 2389 1114 2437 uides3

336 2452 444 2493 Nem
469 2451 655 2492 uitiumst
681 2452 865 2492 oblatum
889 2451 1042 2507 uirgini
1067 2452 1164 2493 elim
1184 2452 1236 2493 ab
1256 2452 1395 2494 nescio
1420 2467 1502 2507 quo

782 2514 969 2568 inprobo.

336 2577 459 2618 Nunc
501 2576 583 2617 huc
627 2576 831 2632 confugit,
875 2584 915 2617 te
951 2583 1075 2630 atque
1112 2578 1214 2619 alios
1256 2579 1420 2633 partum
1457 2585 1502 2619 ut

786 2638 933 2680 celaret
961 2640 1105 2683 suom?
