1700 2984
292 140 371 182 186

196 606 263 642 840

287 976 368 1019 GE.

195 1488 262 1523 845

286 1603 368 1643 AN.

290 1725 370 1768 GE.

199 2113 267 2149 850
292 2102 371 2144 GE.

292 2226 371 2268 Gn.

294 2476 372 2518 GE.

817 144 1046 180 PHORMIO
1496 145 1542 190 v,
1559 145 1591 181 5.
1610 143 1631 180 6

401 229 511 271 Nam
536 228 749 284 potaturus
774 227 837 268 est
861 226 973 281 apud
998 242 1076 269 me.
1121 241 1199 282 ego
1223 242 1290 269 me
1314 227 1372 269 ire
1397 225 1565 268 senibus

851 287 1031 330 Sunium

399 353 553 396 Dicam
578 351 631 393 ud
656 357 898 400 mercatum,
929 351 1166 394 ancillulam
1197 358 1382 406 emptum
1407 350 1563 392 dudum
1583 363 1616 389 ιο

849 428 976 467 quam
1000 414 1103 455 dixit
1128 413 1256 456 Geta:

399 478 465 520 Ne
490 492 616 532 quom
645 476 712 518 hic
742 490 825 517 non
855 475 1038 525 uideant,
1068 477 1134 517 me
1165 475 1367 518 conficere
1397 474 1565 516 credant

851 539 1069 593 argentum
1093 553 1224 580 suom.

400 601 486 644 Sed
522 601 672 644 ostium
708 600 947 655 concrepuit
983 600 1057 642 abs
1093 608 1146 642 te.
1210 600 1291 642 AN.
1327 599 1436 642 Vide
1471 597 1564 653 quis

850 662 1071 718 egreditur.
1118 663 1196 704 ΡΗ.
1223 661 1385 704 Getast.

512 838 666 881 GETA
748 838 1004 880 ANTIPHO
1085 838 1341 879 Pnonnno

516 916 662 943 smzvos
749 915 1003 942 ADVLEscnns
1106 914 1322 941 PARAsrrvs

403 962 443 1018 O
474 976 674 1025 Fortuna,
711 989 736 1016 o
765 974 802 1015 F
804 974 869 1014 ors
898 974 1104 1023 Fortuna,
1141 973 1306 1028 quuntis
1342 974 1566 1015 commodi·
1579 986 1634 1019 νβ

847 1036 1013 1085 tutibus,

399 1101 540 1154 Quum
566 1099 703 1141 subito
728 1114 821 1141 meo
846 1113 915 1140 ero
936 1086 1168 1153 Antiphoni
1193 1113 1270 1153 ope
1295 1099 1433 1140 ndstra
1457 1098 1567 1140 hunc

849 1163 1048 1202 onerastis
1074 1160 1202 1202 diem!

401 1225 516 1279 Quid
539 1240 637 1266 nam
661 1223 729 1266 hic
753 1223 832 1265 sibi
855 1224 968 1264 uolt?
1010 1222 1090 1265 GE.
1116 1223 1277 1277 nosque
1302 1223 1455 1265 amicos
1480 1224 1567 1265 eius

850 1287 1102 1327 exonerastis
1127 1285 1258 1327 metu!

401 1350 488 1393 Sed
513 1364 591 1406 ego
616 1364 728 1391 nunc
753 1347 853 1389 mihi
879 1349 1008 1398 cesso,
1033 1348 1106 1401 qui
1128 1363 1213 1390 non
1242 1349 1432 1390 umerum
1457 1348 1567 1391 hunc

850 1426 975 1452 onero
1001 1411 1127 1466 pullio

398 1463 543 1530 Atque
575 1474 787 1516 hominem
817 1488 994 1529 propero
1024 1473 1225 1523 inuenire,
1256 1480 1302 1515 ut
1332 1473 1435 1516 haec
1461 1489 1568 1529 quae
1602 1489 1618 1513 5

851 1535 1101 1592 contigerint
1125 1536 1238 1577 sciat.

401 1601 514 1642 Num
539 1607 584 1640 tu
608 1598 830 1654 intellegis,
856 1598 957 1652 quid
979 1598 1045 1639 hio
1069 1598 1231 1640 narret?
1265 1598 1343 1639 ΡΗ.
1364 1598 1475 1640 Num
1499 1599 1568 1640 tu?

850 1661 932 1702 ΑΝ.
956 1660 1040 1702 Nil.
1087 1660 1166 1701 ΡΗ.
1186 1661 1451 1702 Tantundem
1475 1676 1565 1716 ego.

404 1712 474 1766 Ad
509 1725 700 1766 lenonem
742 1723 837 1764 hine
879 1725 939 1765 ire
966 1738 1170 1778 pergam:
1211 1723 1269 1764 ibi
1308 1724 1418 1783 nun'e
1458 1732 1564 1765 sunt.

850 1786 931 1827 ΑΝ.
952 1786 1085 1835 Heus,
1113 1784 1241 1828 Geta!
1276 1785 1353 1827 GE.
1373 1786 1452 1827 Em
1473 1786 1566 1828 tibi:

400 1850 514 1892 Num
539 1850 690 1891 mirum
716 1856 785 1890 aut
811 1850 1003 1890 nouomst
1027 1848 1226 1896 reuocari,
1252 1849 1418 1889 cursum
1442 1864 1567 1903 quom

851 1911 1071 1952 institeris?
1118 1911 1199 1952 AN.
1227 1910 1349 1952 Geta.

362 2008 371 2017 .
401 1975 549 2030 Pe'rgit
573 1974 723 2017 hercle,
773 1974 1002 2026 numquam
1026 1981 1069 2014 tu
1095 1973 1189 2014 odio
1215 1974 1285 2014 tuo
1313 1989 1379 2015 me
1410 1974 1565 2016 uinces.

852 2037 935 2077 AN.
960 2036 1053 2076 Non
1077 2036 1246 2077 manes?

402 2100 582 2156 Veipula.
620 2100 701 2141 AN.
722 2098 773 2140 Id
792 2098 959 2152 quidem
984 2099 1059 2139 tibi
1083 2099 1167 2139 iam
1191 2098 1273 2148 fiet,
1299 2099 1377 2140 nisi
1401 2099 1567 2149 resistis,
1587 2113 1620 2137 ιο

853 2161 1041 2202 uerbero.

400 2224 726 2266 Familiariorem
758 2232 918 2279 oportet
948 2225 1038 2264 esse
1076 2223 1205 2265 hune:
1242 2224 1453 2265 minitatur
1482 2241 1568 2267 ma-

852 2287 953 2327 lum.‘

405 2350 491 2393 Sed
515 2349 603 2391 isne
634 2357 693 2391 est
725 2363 847 2402 quem
873 2363 1026 2402 quaero
1056 2350 1110 2389 &in
1139 2349 1246 2390 non?
1282 2349 1424 2404 ipsust.
1473 2351 1568 2392 0611-

854 2411 1024 2467 gredere
1038 2412 1236 2453 actutum.
1262 2412 1343 2453 AN.
1358 2410 1472 2462 Quid
1486 2413 1569 2454 est?

406 2475 446 2517 Ο
466 2475 664 2524 omnium,
684 2475 924 2528 quantumst
944 2474 1015 2527 qui
1035 2474 1192 2523 uiuont,
1213 2474 1337 2515 homo
1355 2473 1568 2516 hominum

853 2536 1143 2577 ornatissume!
1498 2587 1505 2598 r

404 2601 512 2642 Nam
539 2600 626 2642 sine
652 2599 932 2641 controuersia
957 2599 1009 2639 ab
1035 2599 1097 2640 dis
1129 2599 1239 2641 solus
1265 2599 1446 2655 diligere,
1477 2601 1567 2643 An-

852 2660 979 2718 tipho.
