1700 2984
124 226 188 272 lv,
205 227 238 262 2.
258 227 280 263 3
708 224 936 262 PHORMIO
1387 216 1468 258 175

404 367 556 410 GnmA
642 367 903 410 DEMIPHO
992 367 1255 410 CHREMES

408 438 555 466 SERvos
720 438 838 466 senas
1116 440 1141 464 11

121 504 189 537 1v,2
302 492 397 547 Ego
422 492 631 533 hominem
657 491 911 533 callididrem
936 492 1022 532 uidi
1047 492 1254 533 neminem

305 555 443 606 Quam
457 555 764 595 Phormionem.
790 556 912 596 uenio
927 555 979 596 ad
993 555 1215 605 hominem,
1230 563 1276 596 ut
1290 556 1467 597 dicerem

302 618 537 672 Argentum
564 632 668 671 opus
695 632 784 658 esse
810 625 849 659 et
875 618 916 658 id
941 632 1023 671 quo
1049 625 1170 672 pacto
1195 618 1325 660 fieret.

301 680 384 721 Vix
411 680 508 719 dum
540 679 755 720 dimidium
781 679 979 727 dixeram,
1005 680 1282 721 intellexerat:

154 753 170 779 5
302 741 539 790 Gaudebat,
564 756 631 782 me
655 742 866 790 laudabat,
892 742 1119 795 quaerebat
1144 758 1298 785 senem.
1492 747 1558 782 595

302 804 380 844 Dis
405 805 559 859 gratias
585 804 749 858 agebat,
775 811 939 859 tempus
965 805 1043 844 sibi
1069 804 1170 853 dari,

302 866 385 908 Vbi
410 866 644 907 Phaedriae
669 881 753 907 esse
778 867 1011 928 ostenderet
1036 867 1117 907 nilo
1141 868 1277 909 minus

299 929 495 969 Amicum
516 944 600 969 sese
619 943 744 982 quam
758 928 1004 983 Antiphoni.
1036 929 1244 971 hominem
1264 931 1315 970 ad
1331 931 1467 972 forum

301 991 409 1031 Iussi
434 991 629 1045 opperiri:
662 1006 710 1031 eo
735 1006 800 1031 me
826 992 915 1041 esse
942 992 1219 1032 adducturum
1245 1008 1398 1035 senem.

136 1066 168 1090 10
301 1052 387 1093 Sed
412 1067 556 1094 eccum
580 1054 728 1107 ipsum.
771 1053 863 1106 quis
889 1062 947 1093 est
973 1054 1166 1094 ulterior?
1190 1062 1305 1104 attat,
1332 1056 1468 1097 Phae·
1492 1057 1559 1093 6οΟ

748 1115 859 1155 driae

298 1177 426 1218 Pater
449 1177 576 1219 uenit.
627 1177 699 1218 sed
724 1177 824 1230 quid
848 1177 1041 1231 pertimui
1068 1185 1205 1219 autem
1232 1179 1378 1220 belua?

298 1241 369 1280 An
395 1241 492 1293 quia
517 1254 619 1292 quos
645 1239 787 1280 fallam
813 1254 886 1294 pro
912 1240 995 1279 uno
1021 1240 1103 1280 duo
1130 1249 1226 1281 sunt
1250 1244 1306 1282 mi
1331 1243 1440 1284 dati?

299 1301 572 1342 Cmnmddius
599 1317 687 1343 esse
713 1303 859 1356 opinor
883 1302 1038 1356 duplici
1063 1318 1136 1358 spe
1161 1304 1280 1345 iitier.

296 1364 444 1405 Petam
464 1364 559 1404 hinc
578 1364 688 1405 unde
714 1380 738 1404 a
760 1364 894 1419 primo
913 1365 1061 1405 institi:
1085 1366 1119 1406 is
1140 1366 1172 1406 si
1193 1366 1276 1415 dat,
1304 1375 1367 1407 sat
1386 1375 1465 1417 est3

135 1438 168 1463 15
300 1426 346 1468 Si
372 1426 424 1467 ab
455 1428 502 1467 eo
529 1426 585 1466 nil
611 1427 694 1474 fiet,
720 1437 808 1467 tum
834 1426 943 1467 ln'inc
969 1427 1132 1468 adoriar
1157 1428 1374 1483 hospitem.
1490 1433 1558 1467 605

225 1551 478 1592 ANTIPHO
568 1550 720 1592 Gn'rA
808 1550 1073 1592 CHREMES
1160 1553 1421 1596 DEMIPHO

224 1623 477 1649 ADVLESOENS
565 1607 724 1649 szvos
889 1623 1006 1648 sexes
1273 1627 1303 1651 11

117 1677 265 1718 1v,3AN.
297 1676 484 1731 Expecto
509 1690 634 1730 quam
660 1690 757 1716 mox
783 1676 955 1730 recipiat
980 1678 1069 1717 sese
1097 1676 1219 1719 Geta.

299 1737 386 1779 Sed
410 1740 600 1793 patruom
626 1738 747 1779 uideo
774 1739 866 1779 cum
892 1746 1008 1793 patre
1034 1747 1250 1781 astantem.
1289 1742 1326 1782 ei
1351 1741 1464 1791 mihi,

300 1800 439 1852 Quam
459 1803 597 1850 timeo,
624 1801 830 1842 aduentus
849 1801 971 1842 huius
992 1816 1075 1856 quo
1095 1802 1266 1858 inpellat
1286 1805 1463 1859 patrem!

185 1862 264 1906 Gn.
295 1864 438 1905 Adibo
454 1863 638 1919 [hosce]:
655 1878 677 1904 o
692 1865 820 1912 salue,
834 1864 971 1905 noster
984 1863 1200 1907 Chremes,
1228 1865 1305 1907 CH.
1322 1866 1463 1917 Salue',

748 1925 872 1967 Geta.

151 2000 166 2026 5
187 1987 265 2030 Gn.
299 1989 451 2031 Venire
478 1989 637 2030 saluom
663 1989 791 2043 uolup
817 1996 891 2030 est.
941 1988 1019 2031 Cn.
1046 1988 1198 2032 Credo.
1243 1990 1321 2033 GE.
1350 1991 1463 2043 Quid
1488 1995 1555 2029 610

744 2051 904 2106 agitur?

304 2108 441 2149 Multa
458 2110 706 2170 aduenienti,
725 2122 769 2151 ut
786 2110 848 2159 fit,
867 2126 978 2153 noua
993 2113 1082 2154 hic?
1108 2112 1455 2172 C11.Comph'1ria.

197 2168 275 2211 GE.
308 2170 383 2211 Ita
437 2170 487 2212 de
529 2158 769 2227 Antiphone
816 2173 993 2214 audistin
1034 2189 1141 2228 quae
1188 2177 1321 2220 facta?
1380 2179 1453 2223 CH.

745 2222 915 2277 Omnia.

186 2296 263 2339 GE.
295 2297 393 2337 Tun
418 2297 581 2338 dixeras
607 2297 727 2338 huic?
752 2298 913 2339 facinus
938 2298 1169 2354 indignum,
1198 2299 1412 2351 Chremes,

299 2358 370 2400 Sic
384 2359 607 2401 circumiri!
635 2359 713 2401 CH.
728 2360 778 2401 Id
793 2376 887 2401 cum
902 2361 980 2402 hoo
993 2362 1169 2416 agebam
1185 2364 1461 2407 commodum.

134 2435 166 2459 10
187 2420 264 2463 Gn.
294 2421 403 2462 Nam
428 2422 563 2464 hercle
584 2423 662 2477 ego
683 2437 848 2476 quoque
868 2423 909 2463 id
929 2423 1097 2477 quidem
1116 2424 1280 2479 agitans
1299 2441 1461 2468 mecum
1488 2431 1553 2465 615

744 2485 888 2525 sedulo

297 2545 464 2594 Inueni,
501 2546 665 2602 opinor,
702 2547 928 2588 remedium
961 2547 1057 2589 huic
1088 2549 1157 2591 rei.
1219 2549 1297 2591 Cn.
1335 2550 1462 2603 Quid,

747 2608 884 2651 Geta?

185 2669 266 2711 Dn.
299 2669 425 2722 Quod
461 2671 715 2712 remedium?
775 2671 854 2712 GE.
891 2673 949 2714 Vt
980 2672 1062 2713 abii
1093 2673 1167 2713 abs
1198 2680 1252 2723 te,
1283 2674 1329 2716 fit
1358 2675 1464 2717 forte

744 2734 909 2775 Obuiam
