1700 2984
96 200 125 245 1,
141 201 164 236 2
680 201 910 238 PHORMIO
1360 193 1440 236 155

273 281 501 323 Paternum
526 281 706 324 amicum
731 298 796 325 me
820 284 1081 326 adsimulabo
1107 284 1299 340 uirginis:

271 345 344 385 Ad
366 344 524 386 iudices
548 345 784 387 ueniemus:
813 347 885 400 qui
910 347 1034 390 fuerit
1057 355 1187 402 pater,

111 417 144 444 so
277 405 397 457 Quae
422 408 566 456 mater,
593 407 664 460 qui
689 410 867 462 cognata
891 408 965 450 tibi
990 408 1053 458 sit,
1081 409 1219 450 6mnia
1243 408 1346 450 haec
1465 412 1530 447 130

275 467 546 523 Confingam:
584 468 697 522 quod
726 469 801 510 erit
837 470 938 511 mihi
973 471 1130 512 bonum
1166 478 1291 525 atque
1327 472 1439 512 com-

719 531 903 581 modum,

272 590 412 642 Quom
437 599 483 633 tu
507 592 653 633 horum
678 592 735 633 nil
760 593 937 643 refelles,
966 594 1130 636 uincam
1157 594 1324 636 seilicet.

269 653 399 695 Pater
421 654 573 695 aderit:
600 653 699 695 mihi
724 657 895 710 paratae
919 656 1031 698 lites:
1063 656 1163 710 quid
1188 657 1304 698 mea?

270 715 350 757 Illa
379 716 548 771 quidem
589 723 730 758 nostra
765 718 866 759 erit.’
926 717 1010 760 DA.
1040 718 1274 760 Iocularem
1310 718 1438 760 auda-

719 793 837 820 mam.

106 851 140 877 85
160 837 240 882 Gn.
271 839 565 882 Persuasumst
595 840 769 882 homini:
804 841 1019 884 factumst:
1050 849 1278 884 uentumst:
1309 842 1439 884 uinci·
1463 846 1528 881 135

715 918 826 944 mur:

269 964 417 1007 Duxit.
476 965 560 1007 DA.
587 964 702 1017 Quid
726 966 896 1007 narras?
945 965 1023 1008 GE.
1050 967 1144 1009 Ηόο
1168 966 1281 1021 quod
1305 967 1437 1008 audis.

716 1027 800 1069 DA.
829 1014 869 1070 O
896 1027 1020 1078 Geta,

270 1088 384 1141 Quid
408 1090 448 1131 te
471 1089 722 1132 futurumst?
760 1089 838 1131 Gn.
859 1090 1010 1132 Nescio
1035 1090 1170 1132 hercle
1179 1107 1189 1140 3
1215 1106 1342 1132 unum
1362 1090 1439 1133 hdo

717 1152 815 1201 seio,

269 1212 396 1266 Quod
437 1213 522 1256 fors
564 1214 687 1263 feret,
735 1215 916 1256 feremus
959 1229 1093 1270 aequo
1135 1215 1284 1257 animo.
1353 1215 1437 1257 DA.

715 1276 879 1318 Placet:

268 1337 364 1388 Em,
389 1338 495 1381 istuc
520 1339 639 1380 uirist
664 1339 862 1381 officium.
913 1338 992 1382 GE.
1019 1340 1069 1380 In
1095 1355 1161 1382 me
1186 1339 1318 1381 omnis
1344 1341 1438 1396 spes

716 1402 869 1443 mihist.

103 1477 137 1502 90
154 1463 238 1505 DA.
266 1463 429 1505 Laudo.
491 1462 569 1505 Gn.
601 1452 673 1506 Ad
709 1472 967 1520 precatorem
1003 1465 1152 1507 adeam
1189 1465 1331 1515 oredo,
1368 1467 1440 1520 qui
1463 1468 1529 1503 140

716 1526 818 1567 mihi

267 1586 338 1628 Sic
363 1588 466 1628 oret:
494 1591 625 1629 ‘nuno
650 1589 791 1630 amitte
817 1602 972 1642 quaeso
997 1588 1126 1637 hunc3
1154 1589 1337 1630 ceterum

265 1648 450 1690 Posthac
475 1649 509 1690 si
534 1650 772 1704 quicquam,
797 1651 855 1691 nss
880 1651 1052 1706 precor!
1100 1652 1261 1692 tantum
1285 1651 1409 1693 modo

267 1711 363 1752 Non
388 1712 522 1753 addit:
550 1712 641 1753 ‘ubi
667 1727 744 1768 ego
770 1712 867 1754 hine
892 1713 1047 1762 abiero,
1073 1713 1142 1755 uel
1167 1714 1369 1756 occidito.'

152 1773 234 1815 DA.
262 1773 377 1825 Quid
401 1775 671 1830 paedagogus
695 1775 777 1824 ille,
803 1775 875 1829 qui
900 1775 1213 1817 citharistriam‘?

101 1847 134 1873 95
265 1835 378 1888 Quid
413 1838 472 1878 rei
515 1837 644 1891 gerit?
705 1835 786 1879 GE.
827 1836 917 1887 Sic,
960 1837 1150 1879 tenuiter.
1220 1838 1303 1880 DA.
1340 1839 1438 1881 Non
1462 1842 1529 1877 145

713 1900 889 1940 multum
916 1899 1041 1960 liabet

264 1958 391 2012 Quod
433 1960 502 2002 det
544 1960 744 2002 fortasse?
799 1960 880 2003 GE.
923 1962 1057 2003 Immo
1100 1962 1158 2003 nil
1200 1962 1278 2003 nisi
1320 1964 1437 2018 spem

713 2038 884 2065 meram.

149 2085 234 2127 DA.
260 2085 387 2126 Pater
423 2085 511 2126 eius
543 2085 661 2127 rediit
692 2088 745 2126 an
781 2087 890 2127 non?
939 2085 1020 2128 GE.
1052 2086 1147 2127 Non
1179 2087 1291 2128 dum.
1351 2087 1435 2129 DA.

714 2147 852 2200 Quid?
884 2164 1023 2190 senem

262 2208 416 2261 Quoad
440 2210 667 2265 expectatis
687 2212 900 2252 nostrum?
939 2210 1017 2253 GE.
1036 2211 1135 2252 Non
1159 2212 1317 2253 certum
1336 2212 1434 2263 seio,

264 2271 349 2313 Sed
375 2273 595 2326 epistulam
622 2273 674 2314 ab
700 2287 749 2314 eo
775 2273 957 2314 adlatam
983 2289 1072 2316 esse
1098 2273 1240 2315 audiui
1264 2274 1388 2316 modo

82 2347 132 2373 100
263 2334 318 2375 Et
344 2334 396 2375 ad
420 2335 637 2389 portitores
662 2336 752 2377 esse
778 2336 978 2377 delatam:
1010 2336 1117 2377 hano
1141 2344 1293 2391 petam.
1461 2348 1526 2383 150

149 2397 231 2438 DA.
259 2397 372 2438 Num
397 2397 511 2451 quid,
539 2396 661 2446 Geta,
693 2397 807 2439 aliud
832 2400 897 2439 me
922 2399 1011 2439 uis?
1060 2397 1140 2440 Gn.
1167 2400 1226 2442 Vt
1251 2399 1357 2442 bene
1383 2401 1433 2442 sit

712 2460 800 2501 tibi.

262 2520 389 2570 Puer,
426 2521 541 2563 heus.
595 2537 746 2564 nemon
784 2522 866 2564 hoo
903 2523 1064 2578 prodit?
1107 2537 1228 2578 cape,
1267 2523 1320 2566 da
1356 2523 1434 2568 hoo

712 2584 879 2626 Dorcio.
