<?xml version="1.0" encoding="UTF-8"?>
<!DOCTYPE html PUBLIC "-//W3C//DTD XHTML 1.0 Transitional//EN"
    "http://www.w3.org/TR/xhtml1/DTD/xhtml1-transitional.dtd">
<html xmlns="http://www.w3.org/1999/xhtml" xml:lang="en" lang="en">
 <head>
  <title>
</title>
<meta http-equiv="Content-Type" content="text/html;charset=utf-8" />
  <meta name='ocr-system' content='tesseract 3.04.00' />
  <meta name='ocr-capabilities' content='ocr_page ocr_carea ocr_par ocr_line ocrx_word'/>
</head>
<body>
  <div class='ocr_page' id='page_1' title='image "./pterentiafricomo00tereuoft/pterentiafricomo00tereuoft_0287.png"; bbox 0 0 1700 2984; ppageno 0'>
   <div class='ocr_carea' id='block_1_1' title="bbox 182 167 301 212">
    <p class='ocr_par' dir='ltr' id='par_1_1' title="bbox 182 167 301 212">
     <span class='ocr_line' id='line_1_1' title="bbox 182 167 301 212; baseline 0 -10"><span class='ocrx_word' id='word_1_1' title='bbox 182 167 301 212; x_wconf 83' lang='lat'>1‚1.2</span> 
     </span>
    </p>
   </div>
   <div class='ocr_carea' id='block_1_2' title="bbox 197 445 231 471">
    <p class='ocr_par' dir='ltr' id='par_1_2' title="bbox 197 445 231 471">
     <span class='ocr_line' id='line_1_2' title="bbox 197 445 231 471; baseline 0 0"><span class='ocrx_word' id='word_1_2' title='bbox 197 445 231 471; x_wconf 80' lang='lat'>30</span> 
     </span>
    </p>
   </div>
   <div class='ocr_carea' id='block_1_3' title="bbox 196 756 230 783">
    <p class='ocr_par' dir='ltr' id='par_1_3' title="bbox 196 756 230 783">
     <span class='ocr_line' id='line_1_3' title="bbox 196 756 230 783; baseline 0.029 -1"><span class='ocrx_word' id='word_1_3' title='bbox 196 756 230 783; x_wconf 82' lang='lat'>35</span> 
     </span>
    </p>
   </div>
   <div class='ocr_carea' id='block_1_4' title="bbox 195 1131 229 1155">
    <p class='ocr_par' dir='ltr' id='par_1_4' title="bbox 195 1131 229 1155">
     <span class='ocr_line' id='line_1_4' title="bbox 195 1131 229 1155; baseline 0 0"><span class='ocrx_word' id='word_1_4' title='bbox 195 1131 229 1155; x_wconf 82' lang='lat'>40</span> 
     </span>
    </p>
   </div>
   <div class='ocr_carea' id='block_1_5' title="bbox 196 1444 229 1469">
    <p class='ocr_par' dir='ltr' id='par_1_5' title="bbox 196 1444 229 1469">
     <span class='ocr_line' id='line_1_5' title="bbox 196 1444 229 1469; baseline 0.03 -1"><span class='ocrx_word' id='word_1_5' title='bbox 196 1444 229 1469; x_wconf 80' lang='lat'>45</span> 
     </span>
    </p>
   </div>
   <div class='ocr_carea' id='block_1_6' title="bbox 195 1757 229 1783">
    <p class='ocr_par' dir='ltr' id='par_1_6' title="bbox 195 1757 229 1783">
     <span class='ocr_line' id='line_1_6' title="bbox 195 1757 229 1783; baseline 0 0"><span class='ocrx_word' id='word_1_6' title='bbox 195 1757 229 1783; x_wconf 85' lang='lat'>50</span> 
     </span>
    </p>
   </div>
   <div class='ocr_carea' id='block_1_7' title="bbox 197 2132 229 2158">
    <p class='ocr_par' dir='ltr' id='par_1_7' title="bbox 197 2132 229 2158">
     <span class='ocr_line' id='line_1_7' title="bbox 197 2132 229 2158; baseline 0 0"><span class='ocrx_word' id='word_1_7' title='bbox 197 2132 229 2158; x_wconf 84' lang='lat'>55</span> 
     </span>
    </p>
   </div>
   <div class='ocr_carea' id='block_1_8' title="bbox 181 2443 231 2474">
    <p class='ocr_par' dir='ltr' id='par_1_8' title="bbox 181 2443 231 2474">
     <span class='ocr_line' id='line_1_8' title="bbox 181 2443 231 2474; baseline 0.02 -7"><span class='ocrx_word' id='word_1_8' title='bbox 181 2443 231 2474; x_wconf 79' lang='lat'>1‚2</span> 
     </span>
    </p>
   </div>
   <div class='ocr_carea' id='block_1_9' title="bbox 750 156 1525 202">
    <p class='ocr_par' dir='ltr' id='par_1_9' title="bbox 750 156 1525 202">
     <span class='ocr_line' id='line_1_9' title="bbox 750 156 1525 202; baseline -0.005 0"><span class='ocrx_word' id='word_1_9' title='bbox 750 166 1023 202; x_wconf 86' lang='lat' dir='ltr'>ADELPHOE</span> <span class='ocrx_word' id='word_1_10' title='bbox 1443 156 1525 199; x_wconf 81' lang='lat'>239</span> 
     </span>
    </p>
   </div>
   <div class='ocr_carea' id='block_1_10' title="bbox 358 248 1599 2223">
    <p class='ocr_par' dir='ltr' id='par_1_10' title="bbox 361 248 1443 304">
     <span class='ocr_line' id='line_1_10' title="bbox 361 248 1443 304; baseline -0.001 -14"><span class='ocrx_word' id='word_1_11' title='bbox 361 249 446 290; x_wconf 90' lang='lat' dir='ltr'>Pro</span> <span class='ocrx_word' id='word_1_12' title='bbox 470 250 561 292; x_wconf 84' lang='lat' dir='ltr'>mee</span> <span class='ocrx_word' id='word_1_13' title='bbox 587 249 675 291; x_wconf 90' lang='lat' dir='ltr'>iure</span> <span class='ocrx_word' id='word_1_14' title='bbox 700 264 843 304; x_wconf 87' lang='lat' dir='ltr'>agere3</span> <span class='ocrx_word' id='word_1_15' title='bbox 867 248 1091 304; x_wconf 80' lang='lat' dir='ltr'>pestremo,</span> <span class='ocrx_word' id='word_1_16' title='bbox 1115 248 1183 289; x_wconf 88' lang='lat' dir='ltr'>alii</span> <span class='ocrx_word' id='word_1_17' title='bbox 1208 248 1443 289; x_wconf 77' lang='lat' dir='ltr'>clanculum</span> 
     </span>
    </p>

    <p class='ocr_par' dir='ltr' id='par_1_11' title="bbox 362 310 1392 366">
     <span class='ocr_line' id='line_1_11' title="bbox 362 310 1392 366; baseline -0.001 -14"><span class='ocrx_word' id='word_1_18' title='bbox 362 311 510 353; x_wconf 87' lang='lat' dir='ltr'>Patres</span> <span class='ocrx_word' id='word_1_19' title='bbox 535 326 642 366; x_wconf 88' lang='lat' dir='ltr'>quae</span> <span class='ocrx_word' id='word_1_20' title='bbox 666 311 838 360; x_wconf 87' lang='lat' dir='ltr'>faciunt,</span> <span class='ocrx_word' id='word_1_21' title='bbox 863 311 970 364; x_wconf 85' lang='lat' dir='ltr'>quae</span> <span class='ocrx_word' id='word_1_22' title='bbox 995 310 1073 352; x_wconf 85' lang='lat' dir='ltr'>fert</span> <span class='ocrx_word' id='word_1_23' title='bbox 1098 310 1392 359; x_wconf 85' lang='lat' dir='ltr'>adulescentia,</span> 
     </span>
    </p>

    <p class='ocr_par' dir='ltr' id='par_1_12' title="bbox 360 372 1150 415">
     <span class='ocr_line' id='line_1_12' title="bbox 360 372 1150 415; baseline -0.001 -1"><span class='ocrx_word' id='word_1_24' title='bbox 360 372 427 414; x_wconf 87' lang='lat' dir='ltr'>Ea</span> <span class='ocrx_word' id='word_1_25' title='bbox 450 374 501 414; x_wconf 91' lang='lat' dir='ltr'>ne</span> <span class='ocrx_word' id='word_1_26' title='bbox 526 389 592 415; x_wconf 90' lang='lat' dir='ltr'>me</span> <span class='ocrx_word' id='word_1_27' title='bbox 617 373 721 415; x_wconf 88' lang='lat' dir='ltr'>celet</span> <span class='ocrx_word' id='word_1_28' title='bbox 745 372 979 414; x_wconf 81' lang='lat' dir='ltr'>censuefeci</span> <span class='ocrx_word' id='word_1_29' title='bbox 1003 372 1150 413; x_wconf 81' lang='lat' dir='ltr'>filium.</span> 
     </span>
    </p>

    <p class='ocr_par' dir='ltr' id='par_1_13' title="bbox 360 434 1596 489">
     <span class='ocr_line' id='line_1_13' title="bbox 360 434 1596 489; baseline -0.001 -13"><span class='ocrx_word' id='word_1_30' title='bbox 360 435 470 476; x_wconf 89' lang='lat' dir='ltr'>Nam</span> <span class='ocrx_word' id='word_1_31' title='bbox 494 437 567 489; x_wconf 82' lang='lat' dir='ltr'>qui</span> <span class='ocrx_word' id='word_1_32' title='bbox 589 435 753 477; x_wconf 90' lang='lat' dir='ltr'>mentiri</span> <span class='ocrx_word' id='word_1_33' title='bbox 777 444 849 476; x_wconf 85' lang='lat' dir='ltr'>aut</span> <span class='ocrx_word' id='word_1_34' title='bbox 872 435 1016 476; x_wconf 79' lang='lat' dir='ltr'>fallere</span> <span class='ocrx_word' id='word_1_35' title='bbox 1040 434 1210 476; x_wconf 85' lang='lat' dir='ltr'>insuerit</span> <span class='ocrx_word' id='word_1_36' title='bbox 1234 443 1409 489; x_wconf 86' lang='lat' dir='ltr'>patrem,</span> <span class='ocrx_word' id='word_1_37' title='bbox 1550 443 1596 479; x_wconf 84' lang='lat'>55</span> 
     </span>
    </p>

    <p class='ocr_par' dir='ltr' id='par_1_14' title="bbox 359 496 1385 552">
     <span class='ocr_line' id='line_1_14' title="bbox 359 496 1385 552; baseline -0.001 -14"><span class='ocrx_word' id='word_1_38' title='bbox 359 497 477 547; x_wconf 86' lang='lat' dir='ltr'>†Aut</span> <span class='ocrx_word' id='word_1_39' title='bbox 502 497 698 549; x_wconf 87' lang='lat' dir='ltr'>audebit†</span> <span class='ocrx_word' id='word_1_40' title='bbox 722 505 837 538; x_wconf 83' lang='lat' dir='ltr'>tanto</span> <span class='ocrx_word' id='word_1_41' title='bbox 863 497 995 552; x_wconf 76' lang='lat' dir='ltr'>magis</span> <span class='ocrx_word' id='word_1_42' title='bbox 1021 496 1190 538; x_wconf 85' lang='lat' dir='ltr'>audebit</span> <span class='ocrx_word' id='word_1_43' title='bbox 1215 498 1385 538; x_wconf 82' lang='lat' dir='ltr'>ceteros.</span> 
     </span>
    </p>

    <p class='ocr_par' dir='ltr' id='par_1_15' title="bbox 360 558 1038 600">
     <span class='ocr_line' id='line_1_15' title="bbox 360 558 1038 600; baseline -0.001 0"><span class='ocrx_word' id='word_1_44' title='bbox 360 558 529 600; x_wconf 82' lang='lat' dir='ltr'>Pudere</span> <span class='ocrx_word' id='word_1_45' title='bbox 554 567 594 600; x_wconf 84' lang='lat' dir='ltr'>et</span> <span class='ocrx_word' id='word_1_46' title='bbox 618 559 863 600; x_wconf 74' lang='lat' dir='ltr'>liberalitate</span> <span class='ocrx_word' id='word_1_47' title='bbox 886 558 1038 600; x_wconf 83' lang='lat' dir='ltr'>liberos</span> 
     </span>
    </p>

    <p class='ocr_par' dir='ltr' id='par_1_16' title="bbox 361 621 1273 674">
     <span class='ocr_line' id='line_1_16' title="bbox 361 621 1273 674; baseline -0.001 -12"><span class='ocrx_word' id='word_1_48' title='bbox 361 621 556 662; x_wconf 85' lang='lat' dir='ltr'>Retinere</span> <span class='ocrx_word' id='word_1_49' title='bbox 579 621 708 662; x_wconf 87' lang='lat' dir='ltr'>satius</span> <span class='ocrx_word' id='word_1_50' title='bbox 734 623 824 662; x_wconf 87' lang='lat' dir='ltr'>esse</span> <span class='ocrx_word' id='word_1_51' title='bbox 850 621 972 662; x_wconf 82' lang='lat' dir='ltr'>credo</span> <span class='ocrx_word' id='word_1_52' title='bbox 997 622 1122 674; x_wconf 76' lang='lat' dir='ltr'>quam</span> <span class='ocrx_word' id='word_1_53' title='bbox 1148 627 1273 662; x_wconf 87' lang='lat' dir='ltr'>metu.</span> 
     </span>
    </p>

    <p class='ocr_par' dir='ltr' id='par_1_17' title="bbox 360 683 1526 738">
     <span class='ocr_line' id='line_1_17' title="bbox 360 683 1526 738; baseline 0.001 -14"><span class='ocrx_word' id='word_1_54' title='bbox 360 685 480 725; x_wconf 88' lang='lat' dir='ltr'>Haec</span> <span class='ocrx_word' id='word_1_55' title='bbox 504 683 621 724; x_wconf 78' lang='lat' dir='ltr'>fratri</span> <span class='ocrx_word' id='word_1_56' title='bbox 639 698 801 725; x_wconf 88' lang='lat' dir='ltr'>mecum</span> <span class='ocrx_word' id='word_1_57' title='bbox 821 684 901 724; x_wconf 79' lang='lat' dir='ltr'>nen</span> <span class='ocrx_word' id='word_1_58' title='bbox 923 683 1175 725; x_wconf 85' lang='lat' dir='ltr'>conueniunt</span> <span class='ocrx_word' id='word_1_59' title='bbox 1193 685 1328 737; x_wconf 84' lang='lat' dir='ltr'>neque</span> <span class='ocrx_word' id='word_1_60' title='bbox 1349 684 1526 738; x_wconf 81' lang='lat' dir='ltr'>placent.</span> 
     </span>
    </p>

    <p class='ocr_par' dir='ltr' id='par_1_18' title="bbox 360 745 1597 801">
     <span class='ocr_line' id='line_1_18' title="bbox 360 745 1597 801; baseline -0.002 -14"><span class='ocrx_word' id='word_1_61' title='bbox 360 746 489 788; x_wconf 84' lang='lat' dir='ltr'>Venit</span> <span class='ocrx_word' id='word_1_62' title='bbox 512 746 566 787; x_wconf 81' lang='lat' dir='ltr'>ad</span> <span class='ocrx_word' id='word_1_63' title='bbox 590 761 656 787; x_wconf 89' lang='lat' dir='ltr'>me</span> <span class='ocrx_word' id='word_1_64' title='bbox 682 761 805 801; x_wconf 85' lang='lat' dir='ltr'>saepe</span> <span class='ocrx_word' id='word_1_65' title='bbox 832 747 1014 786; x_wconf 76' lang='lat' dir='ltr'>clamans</span> <span class='ocrx_word' id='word_1_66' title='bbox 1039 745 1159 799; x_wconf 87' lang='lat' dir='ltr'>‘quid</span> <span class='ocrx_word' id='word_1_67' title='bbox 1183 746 1285 801; x_wconf 84' lang='lat' dir='ltr'>agis,</span> <span class='ocrx_word' id='word_1_68' title='bbox 1312 746 1466 786; x_wconf 76' lang='lat' dir='ltr'>Micio?</span> <span class='ocrx_word' id='word_1_69' title='bbox 1552 750 1597 785; x_wconf 84' lang='lat'>60</span> 
     </span>
    </p>

    <p class='ocr_par' dir='ltr' id='par_1_19' title="bbox 361 807 1436 863">
     <span class='ocr_line' id='line_1_19' title="bbox 361 807 1436 863; baseline -0.001 -14"><span class='ocrx_word' id='word_1_70' title='bbox 361 807 481 860; x_wconf 76' lang='lat' dir='ltr'>Quor</span> <span class='ocrx_word' id='word_1_71' title='bbox 504 808 642 863; x_wconf 88' lang='lat' dir='ltr'>perdis</span> <span class='ocrx_word' id='word_1_72' title='bbox 668 807 978 849; x_wconf 74' lang='lat' dir='ltr'>adulescentem</span> <span class='ocrx_word' id='word_1_73' title='bbox 1003 807 1148 848; x_wconf 84' lang='lat' dir='ltr'>nobis?</span> <span class='ocrx_word' id='word_1_74' title='bbox 1173 808 1275 860; x_wconf 82' lang='lat' dir='ltr'>quer</span> <span class='ocrx_word' id='word_1_75' title='bbox 1300 809 1436 848; x_wconf 83' lang='lat' dir='ltr'>amat?</span> 
     </span>
    </p>

    <p class='ocr_par' dir='ltr' id='par_1_20' title="bbox 361 869 1527 926">
     <span class='ocr_line' id='line_1_20' title="bbox 361 869 1527 926; baseline -0.001 -15"><span class='ocrx_word' id='word_1_76' title='bbox 361 870 480 922; x_wconf 80' lang='lat' dir='ltr'>Quor</span> <span class='ocrx_word' id='word_1_77' title='bbox 504 870 644 925; x_wconf 80' lang='lat' dir='ltr'>petat?</span> <span class='ocrx_word' id='word_1_78' title='bbox 669 884 774 924; x_wconf 90' lang='lat' dir='ltr'>quor</span> <span class='ocrx_word' id='word_1_79' title='bbox 798 878 843 910; x_wconf 85' lang='lat' dir='ltr'>tu</span> <span class='ocrx_word' id='word_1_80' title='bbox 862 869 925 910; x_wconf 88' lang='lat' dir='ltr'>his</span> <span class='ocrx_word' id='word_1_81' title='bbox 951 869 1075 910; x_wconf 87' lang='lat' dir='ltr'>rebus</span> <span class='ocrx_word' id='word_1_82' title='bbox 1095 877 1305 924; x_wconf 89' lang='lat' dir='ltr'>sumptum</span> <span class='ocrx_word' id='word_1_83' title='bbox 1325 870 1527 926; x_wconf 76' lang='lat' dir='ltr'>suggeris,</span> 
     </span>
    </p>

    <p class='ocr_par' dir='ltr' id='par_1_21' title="bbox 361 931 1403 986">
     <span class='ocr_line' id='line_1_21' title="bbox 361 931 1403 986; baseline -0.002 -12"><span class='ocrx_word' id='word_1_84' title='bbox 361 933 527 974; x_wconf 82' lang='lat' dir='ltr'>Vestitu</span> <span class='ocrx_word' id='word_1_85' title='bbox 551 931 678 973; x_wconf 90' lang='lat' dir='ltr'>nimio</span> <span class='ocrx_word' id='word_1_86' title='bbox 703 931 920 986; x_wconf 74' lang='lat' dir='ltr'>indulges?</span> <span class='ocrx_word' id='word_1_87' title='bbox 945 931 1119 972; x_wconf 89' lang='lat' dir='ltr'>nimium</span> <span class='ocrx_word' id='word_1_88' title='bbox 1143 931 1308 986; x_wconf 89' lang='lat' dir='ltr'>ineptus</span> <span class='ocrx_word' id='word_1_89' title='bbox 1334 932 1403 973; x_wconf 89' lang='lat' dir='ltr'>es.&#39;</span> 
     </span>
    </p>

    <p class='ocr_par' dir='ltr' id='par_1_22' title="bbox 359 994 1530 1104">
     <span class='ocr_line' id='line_1_22' title="bbox 359 994 1530 1050; baseline -0.001 -13"><span class='ocrx_word' id='word_1_90' title='bbox 359 995 545 1037; x_wconf 89' lang='lat' dir='ltr'>Nimium</span> <span class='ocrx_word' id='word_1_91' title='bbox 581 996 670 1050; x_wconf 82' lang='lat' dir='ltr'>ipse</span> <span class='ocrx_word' id='word_1_92' title='bbox 713 1002 774 1036; x_wconf 83' lang='lat' dir='ltr'>est</span> <span class='ocrx_word' id='word_1_93' title='bbox 811 994 939 1034; x_wconf 85' lang='lat' dir='ltr'>durus</span> <span class='ocrx_word' id='word_1_94' title='bbox 982 995 1145 1048; x_wconf 86' lang='lat' dir='ltr'>praeter</span> <span class='ocrx_word' id='word_1_95' title='bbox 1186 1009 1446 1048; x_wconf 87' lang='lat' dir='ltr'>aequomque</span> <span class='ocrx_word' id='word_1_96' title='bbox 1489 996 1530 1036; x_wconf 93' lang='lat' dir='ltr'>et</span> 
     </span>
     <span class='ocr_line' id='line_1_23' title="bbox 809 1056 978 1104; baseline -0.006 -7"><span class='ocrx_word' id='word_1_97' title='bbox 809 1056 978 1104; x_wconf 88' lang='lat' dir='ltr'>bonum,</span> 
     </span>
    </p>

    <p class='ocr_par' dir='ltr' id='par_1_23' title="bbox 360 1118 1597 1173">
     <span class='ocr_line' id='line_1_24' title="bbox 360 1118 1597 1173; baseline -0.002 -13"><span class='ocrx_word' id='word_1_98' title='bbox 360 1119 414 1160; x_wconf 89' lang='lat' dir='ltr'>Et</span> <span class='ocrx_word' id='word_1_99' title='bbox 441 1121 548 1160; x_wconf 82' lang='lat' dir='ltr'>errat</span> <span class='ocrx_word' id='word_1_100' title='bbox 574 1119 696 1173; x_wconf 79' lang='lat' dir='ltr'>longe</span> <span class='ocrx_word' id='word_1_101' title='bbox 722 1120 815 1159; x_wconf 72' lang='lat' dir='ltr'>mea</span> <span class='ocrx_word' id='word_1_102' title='bbox 839 1118 1007 1172; x_wconf 88' lang='lat' dir='ltr'>quidem</span> <span class='ocrx_word' id='word_1_103' title='bbox 1033 1118 1247 1167; x_wconf 83' lang='lat' dir='ltr'>sententia,</span> <span class='ocrx_word' id='word_1_104' title='bbox 1553 1123 1597 1158; x_wconf 84' lang='lat'>65</span> 
     </span>
    </p>

    <p class='ocr_par' dir='ltr' id='par_1_24' title="bbox 363 1181 1489 1236">
     <span class='ocr_line' id='line_1_25' title="bbox 363 1181 1489 1236; baseline 0.001 -14"><span class='ocrx_word' id='word_1_105' title='bbox 363 1182 447 1233; x_wconf 80' lang='lat' dir='ltr'>Qui</span> <span class='ocrx_word' id='word_1_106' title='bbox 472 1182 690 1236; x_wconf 86' lang='lat' dir='ltr'>imperium</span> <span class='ocrx_word' id='word_1_107' title='bbox 717 1181 857 1222; x_wconf 84' lang='lat' dir='ltr'>credat</span> <span class='ocrx_word' id='word_1_108' title='bbox 882 1181 1052 1236; x_wconf 70' lang='lat' dir='ltr'>grauius</span> <span class='ocrx_word' id='word_1_109' title='bbox 1078 1196 1167 1222; x_wconf 84' lang='lat' dir='ltr'>esse</span> <span class='ocrx_word' id='word_1_110' title='bbox 1193 1189 1261 1222; x_wconf 87' lang='lat' dir='ltr'>aut</span> <span class='ocrx_word' id='word_1_111' title='bbox 1288 1181 1489 1231; x_wconf 78' lang='lat' dir='ltr'>stabilius,</span> 
     </span>
    </p>

    <p class='ocr_par' dir='ltr' id='par_1_25' title="bbox 360 1243 1529 1299">
     <span class='ocr_line' id='line_1_26' title="bbox 360 1243 1529 1299; baseline -0.001 -13"><span class='ocrx_word' id='word_1_112' title='bbox 360 1245 415 1286; x_wconf 92' lang='lat' dir='ltr'>Vi</span> <span class='ocrx_word' id='word_1_113' title='bbox 435 1245 545 1299; x_wconf 82' lang='lat' dir='ltr'>qued</span> <span class='ocrx_word' id='word_1_114' title='bbox 570 1244 629 1293; x_wconf 86' lang='lat' dir='ltr'>fit,</span> <span class='ocrx_word' id='word_1_115' title='bbox 656 1259 782 1298; x_wconf 88' lang='lat' dir='ltr'>quam</span> <span class='ocrx_word' id='word_1_116' title='bbox 807 1244 909 1284; x_wconf 86' lang='lat' dir='ltr'>illud</span> <span class='ocrx_word' id='word_1_117' title='bbox 935 1244 1046 1297; x_wconf 84' lang='lat' dir='ltr'>qued</span> <span class='ocrx_word' id='word_1_118' title='bbox 1071 1243 1252 1285; x_wconf 86' lang='lat' dir='ltr'>amicitia</span> <span class='ocrx_word' id='word_1_119' title='bbox 1277 1244 1529 1299; x_wconf 75' lang='lat' dir='ltr'>adiungitur.</span> 
     </span>
    </p>

    <p class='ocr_par' dir='ltr' id='par_1_26' title="bbox 359 1306 1477 1348">
     <span class='ocr_line' id='line_1_27' title="bbox 359 1306 1477 1348; baseline 0.001 -1"><span class='ocrx_word' id='word_1_120' title='bbox 359 1307 461 1348; x_wconf 85' lang='lat' dir='ltr'>Mea</span> <span class='ocrx_word' id='word_1_121' title='bbox 486 1308 543 1348; x_wconf 78' lang='lat' dir='ltr'>sic</span> <span class='ocrx_word' id='word_1_122' title='bbox 568 1315 630 1348; x_wconf 86' lang='lat' dir='ltr'>est</span> <span class='ocrx_word' id='word_1_123' title='bbox 654 1306 757 1347; x_wconf 87' lang='lat' dir='ltr'>ratio</span> <span class='ocrx_word' id='word_1_124' title='bbox 784 1314 823 1347; x_wconf 88' lang='lat' dir='ltr'>et</span> <span class='ocrx_word' id='word_1_125' title='bbox 849 1307 907 1347; x_wconf 77' lang='lat' dir='ltr'>sic</span> <span class='ocrx_word' id='word_1_126' title='bbox 931 1306 1117 1347; x_wconf 89' lang='lat' dir='ltr'>animum</span> <span class='ocrx_word' id='word_1_127' title='bbox 1141 1306 1293 1347; x_wconf 83' lang='lat' dir='ltr'>induce</span> <span class='ocrx_word' id='word_1_128' title='bbox 1319 1322 1477 1348; x_wconf 87' lang='lat' dir='ltr'>meum:</span> 
     </span>
    </p>

    <p class='ocr_par' dir='ltr' id='par_1_27' title="bbox 358 1368 1256 1422">
     <span class='ocr_line' id='line_1_28' title="bbox 358 1368 1256 1422; baseline -0.002 -11"><span class='ocrx_word' id='word_1_129' title='bbox 358 1369 475 1411; x_wconf 80' lang='lat' dir='ltr'>Male</span> <span class='ocrx_word' id='word_1_130' title='bbox 499 1376 667 1411; x_wconf 86' lang='lat' dir='ltr'>coactus</span> <span class='ocrx_word' id='word_1_131' title='bbox 693 1369 764 1422; x_wconf 86' lang='lat' dir='ltr'>qui</span> <span class='ocrx_word' id='word_1_132' title='bbox 789 1383 909 1409; x_wconf 87' lang='lat' dir='ltr'>suom</span> <span class='ocrx_word' id='word_1_133' title='bbox 934 1368 1119 1410; x_wconf 79' lang='lat' dir='ltr'>officium</span> <span class='ocrx_word' id='word_1_134' title='bbox 1145 1369 1256 1418; x_wconf 86' lang='lat' dir='ltr'>facit,</span> 
     </span>
    </p>

    <p class='ocr_par' dir='ltr' id='par_1_28' title="bbox 359 1431 1599 1487">
     <span class='ocr_line' id='line_1_29' title="bbox 359 1431 1599 1487; baseline -0.002 -14"><span class='ocrx_word' id='word_1_135' title='bbox 359 1431 475 1473; x_wconf 86' lang='lat' dir='ltr'>Dum</span> <span class='ocrx_word' id='word_1_136' title='bbox 500 1431 542 1472; x_wconf 89' lang='lat' dir='ltr'>id</span> <span class='ocrx_word' id='word_1_137' title='bbox 567 1431 762 1472; x_wconf 74' lang='lat' dir='ltr'>rescitum</span> <span class='ocrx_word' id='word_1_138' title='bbox 787 1431 836 1472; x_wconf 86' lang='lat' dir='ltr'>iri</span> <span class='ocrx_word' id='word_1_139' title='bbox 861 1431 1002 1480; x_wconf 88' lang='lat' dir='ltr'>credit,</span> <span class='ocrx_word' id='word_1_140' title='bbox 1029 1431 1229 1486; x_wconf 85' lang='lat' dir='ltr'>tantisper</span> <span class='ocrx_word' id='word_1_141' title='bbox 1254 1439 1379 1487; x_wconf 85' lang='lat' dir='ltr'>pauet</span> <span class='ocrx_word' id='word_1_142' title='bbox 1387 1448 1399 1482; x_wconf 82' lang='lat'><em>3</em></span> <span class='ocrx_word' id='word_1_143' title='bbox 1555 1436 1599 1470; x_wconf 79' lang='lat'>70</span> 
     </span>
    </p>

    <p class='ocr_par' dir='ltr' id='par_1_29' title="bbox 361 1493 1477 1549">
     <span class='ocr_line' id='line_1_30' title="bbox 361 1493 1477 1549; baseline 0 -13"><span class='ocrx_word' id='word_1_144' title='bbox 361 1494 407 1537; x_wconf 92' lang='lat' dir='ltr'>Si</span> <span class='ocrx_word' id='word_1_145' title='bbox 432 1495 570 1549; x_wconf 84' lang='lat' dir='ltr'>sperat</span> <span class='ocrx_word' id='word_1_146' title='bbox 593 1494 681 1535; x_wconf 89' lang='lat' dir='ltr'>fore</span> <span class='ocrx_word' id='word_1_147' title='bbox 707 1493 828 1543; x_wconf 87' lang='lat' dir='ltr'>clam,</span> <span class='ocrx_word' id='word_1_148' title='bbox 854 1494 1017 1534; x_wconf 78' lang='lat' dir='ltr'>rursum</span> <span class='ocrx_word' id='word_1_149' title='bbox 1043 1494 1094 1534; x_wconf 85' lang='lat' dir='ltr'>ad</span> <span class='ocrx_word' id='word_1_150' title='bbox 1119 1494 1334 1549; x_wconf 73' lang='lat' dir='ltr'>ingenium</span> <span class='ocrx_word' id='word_1_151' title='bbox 1358 1495 1477 1537; x_wconf 89' lang='lat' dir='ltr'>redit.</span> 
     </span>
    </p>

    <p class='ocr_par' dir='ltr' id='par_1_30' title="bbox 358 1556 1416 1611">
     <span class='ocr_line' id='line_1_31' title="bbox 358 1556 1416 1611; baseline 0 -13"><span class='ocrx_word' id='word_1_152' title='bbox 358 1557 435 1598; x_wconf 91' lang='lat' dir='ltr'>Ille</span> <span class='ocrx_word' id='word_1_153' title='bbox 461 1558 584 1609; x_wconf 85' lang='lat' dir='ltr'>quem</span> <span class='ocrx_word' id='word_1_154' title='bbox 610 1556 811 1597; x_wconf 88' lang='lat' dir='ltr'>beneficio</span> <span class='ocrx_word' id='word_1_155' title='bbox 837 1556 1040 1611; x_wconf 71' lang='lat' dir='ltr'>adiungas</span> <span class='ocrx_word' id='word_1_156' title='bbox 1068 1572 1119 1598; x_wconf 84' lang='lat' dir='ltr'>ex</span> <span class='ocrx_word' id='word_1_157' title='bbox 1145 1557 1279 1597; x_wconf 85' lang='lat' dir='ltr'>anime</span> <span class='ocrx_word' id='word_1_158' title='bbox 1304 1557 1416 1606; x_wconf 87' lang='lat' dir='ltr'>facit,</span> 
     </span>
    </p>

    <p class='ocr_par' dir='ltr' id='par_1_31' title="bbox 362 1618 1527 1673">
     <span class='ocr_line' id='line_1_32' title="bbox 362 1618 1527 1673; baseline 0.002 -13"><span class='ocrx_word' id='word_1_159' title='bbox 362 1619 513 1660; x_wconf 84' lang='lat' dir='ltr'>Studet</span> <span class='ocrx_word' id='word_1_160' title='bbox 536 1619 612 1673; x_wconf 78' lang='lat' dir='ltr'>par</span> <span class='ocrx_word' id='word_1_161' title='bbox 635 1618 802 1667; x_wconf 87' lang='lat' dir='ltr'>referre,</span> <span class='ocrx_word' id='word_1_162' title='bbox 828 1620 1023 1673; x_wconf 80' lang='lat' dir='ltr'>praesens</span> <span class='ocrx_word' id='word_1_163' title='bbox 1049 1619 1281 1673; x_wconf 84' lang='lat' dir='ltr'>absensque</span> <span class='ocrx_word' id='word_1_164' title='bbox 1305 1620 1414 1661; x_wconf 83' lang='lat' dir='ltr'>idem</span> <span class='ocrx_word' id='word_1_165' title='bbox 1440 1621 1527 1662; x_wconf 86' lang='lat' dir='ltr'>erit.</span> 
     </span>
    </p>

    <p class='ocr_par' dir='ltr' id='par_1_32' title="bbox 359 1680 1350 1736">
     <span class='ocr_line' id='line_1_33' title="bbox 359 1680 1350 1736; baseline 0.001 -15"><span class='ocrx_word' id='word_1_166' title='bbox 359 1682 454 1722; x_wconf 90' lang='lat' dir='ltr'>Hoc</span> <span class='ocrx_word' id='word_1_167' title='bbox 478 1681 709 1736; x_wconf 75' lang='lat' dir='ltr'>patriumst,</span> <span class='ocrx_word' id='word_1_168' title='bbox 734 1680 872 1736; x_wconf 87' lang='lat' dir='ltr'>potius</span> <span class='ocrx_word' id='word_1_169' title='bbox 899 1681 1190 1723; x_wconf 86' lang='lat' dir='ltr'>censuefacere</span> <span class='ocrx_word' id='word_1_170' title='bbox 1215 1682 1350 1722; x_wconf 79' lang='lat' dir='ltr'>filium</span> 
     </span>
    </p>

    <p class='ocr_par' dir='ltr' id='par_1_33' title="bbox 360 1744 1599 1799">
     <span class='ocr_line' id='line_1_34' title="bbox 360 1744 1599 1799; baseline 0.002 -13"><span class='ocrx_word' id='word_1_171' title='bbox 360 1744 449 1787; x_wconf 91' lang='lat' dir='ltr'>Sua</span> <span class='ocrx_word' id='word_1_172' title='bbox 476 1744 621 1799; x_wconf 80' lang='lat' dir='ltr'>spente</span> <span class='ocrx_word' id='word_1_173' title='bbox 645 1751 756 1786; x_wconf 88' lang='lat' dir='ltr'>recte</span> <span class='ocrx_word' id='word_1_174' title='bbox 780 1744 918 1786; x_wconf 77' lang='lat' dir='ltr'>facere</span> <span class='ocrx_word' id='word_1_175' title='bbox 943 1759 1068 1798; x_wconf 85' lang='lat' dir='ltr'>quam</span> <span class='ocrx_word' id='word_1_176' title='bbox 1093 1744 1225 1786; x_wconf 82' lang='lat' dir='ltr'>aliene</span> <span class='ocrx_word' id='word_1_177' title='bbox 1250 1752 1382 1786; x_wconf 88' lang='lat' dir='ltr'>metu:</span> <span class='ocrx_word' id='word_1_178' title='bbox 1556 1754 1599 1789; x_wconf 79' lang='lat'>75</span> 
     </span>
    </p>

    <p class='ocr_par' dir='ltr' id='par_1_34' title="bbox 358 1806 1495 1863">
     <span class='ocr_line' id='line_1_35' title="bbox 358 1806 1495 1863; baseline 0.001 -15"><span class='ocrx_word' id='word_1_179' title='bbox 358 1808 455 1848; x_wconf 87' lang='lat' dir='ltr'>Hoc</span> <span class='ocrx_word' id='word_1_180' title='bbox 479 1808 598 1862; x_wconf 74' lang='lat' dir='ltr'>pater</span> <span class='ocrx_word' id='word_1_181' title='bbox 623 1821 671 1847; x_wconf 87' lang='lat' dir='ltr'>ac</span> <span class='ocrx_word' id='word_1_182' title='bbox 697 1806 888 1847; x_wconf 88' lang='lat' dir='ltr'>dominus</span> <span class='ocrx_word' id='word_1_183' title='bbox 913 1808 1095 1848; x_wconf 85' lang='lat' dir='ltr'>interest.</span> <span class='ocrx_word' id='word_1_184' title='bbox 1142 1807 1221 1848; x_wconf 88' lang='lat' dir='ltr'>hoc</span> <span class='ocrx_word' id='word_1_185' title='bbox 1245 1808 1317 1861; x_wconf 84' lang='lat' dir='ltr'>qui</span> <span class='ocrx_word' id='word_1_186' title='bbox 1340 1808 1495 1863; x_wconf 87' lang='lat' dir='ltr'>nequit,</span> 
     </span>
    </p>

    <p class='ocr_par' dir='ltr' id='par_1_35' title="bbox 358 1869 1149 1924">
     <span class='ocr_line' id='line_1_36' title="bbox 358 1869 1149 1924; baseline -0.003 -13"><span class='ocrx_word' id='word_1_187' title='bbox 358 1870 561 1911; x_wconf 77' lang='lat' dir='ltr'>Fateatur</span> <span class='ocrx_word' id='word_1_188' title='bbox 585 1869 744 1911; x_wconf 85' lang='lat' dir='ltr'>nescire</span> <span class='ocrx_word' id='word_1_189' title='bbox 768 1870 973 1924; x_wconf 80' lang='lat' dir='ltr'>imperare</span> <span class='ocrx_word' id='word_1_190' title='bbox 998 1869 1149 1911; x_wconf 85' lang='lat' dir='ltr'>liberis.</span> 
     </span>
    </p>

    <p class='ocr_par' dir='ltr' id='par_1_36' title="bbox 361 1931 1528 2036">
     <span class='ocr_line' id='line_1_37' title="bbox 361 1931 1528 1987; baseline 0.003 -14"><span class='ocrx_word' id='word_1_191' title='bbox 361 1932 447 1973; x_wconf 88' lang='lat' dir='ltr'>Sed</span> <span class='ocrx_word' id='word_1_192' title='bbox 472 1933 588 1974; x_wconf 89' lang='lat' dir='ltr'>estne</span> <span class='ocrx_word' id='word_1_193' title='bbox 613 1931 679 1973; x_wconf 80' lang='lat' dir='ltr'>hie</span> <span class='ocrx_word' id='word_1_194' title='bbox 704 1932 833 1987; x_wconf 86' lang='lat' dir='ltr'>ipsus,</span> <span class='ocrx_word' id='word_1_195' title='bbox 867 1932 917 1972; x_wconf 82' lang='lat' dir='ltr'>de</span> <span class='ocrx_word' id='word_1_196' title='bbox 943 1947 1026 1986; x_wconf 91' lang='lat' dir='ltr'>quo</span> <span class='ocrx_word' id='word_1_197' title='bbox 1052 1932 1255 1986; x_wconf 80' lang='lat' dir='ltr'>agebam?</span> <span class='ocrx_word' id='word_1_198' title='bbox 1287 1940 1327 1974; x_wconf 91' lang='lat' dir='ltr'>et</span> <span class='ocrx_word' id='word_1_199' title='bbox 1357 1935 1466 1976; x_wconf 88' lang='lat' dir='ltr'>certe</span> <span class='ocrx_word' id='word_1_200' title='bbox 1494 1934 1528 1976; x_wconf 89' lang='lat' dir='ltr'>is</span> 
     </span>
     <span class='ocr_line' id='line_1_38' title="bbox 809 2001 882 2036; baseline -0.014 0"><span class='ocrx_word' id='word_1_201' title='bbox 809 2001 882 2036; x_wconf 82' lang='lat' dir='ltr'>est.</span> 
     </span>
    </p>

    <p class='ocr_par' dir='ltr' id='par_1_37' title="bbox 359 2056 1461 2110">
     <span class='ocr_line' id='line_1_39' title="bbox 359 2056 1461 2110; baseline 0.002 -12"><span class='ocrx_word' id='word_1_202' title='bbox 359 2056 511 2098; x_wconf 77' lang='lat' dir='ltr'>Nescio</span> <span class='ocrx_word' id='word_1_203' title='bbox 537 2056 637 2110; x_wconf 89' lang='lat' dir='ltr'>quid</span> <span class='ocrx_word' id='word_1_204' title='bbox 662 2056 817 2098; x_wconf 78' lang='lat' dir='ltr'>tristem</span> <span class='ocrx_word' id='word_1_205' title='bbox 844 2056 987 2098; x_wconf 81' lang='lat' dir='ltr'>uideo:</span> <span class='ocrx_word' id='word_1_206' title='bbox 1020 2056 1155 2105; x_wconf 87' lang='lat' dir='ltr'>credo,</span> <span class='ocrx_word' id='word_1_207' title='bbox 1182 2057 1264 2098; x_wconf 87' lang='lat' dir='ltr'>iam</span> <span class='ocrx_word' id='word_1_208' title='bbox 1288 2058 1333 2098; x_wconf 79' lang='lat' dir='ltr'>ut</span> <span class='ocrx_word' id='word_1_209' title='bbox 1358 2058 1461 2100; x_wconf 88' lang='lat' dir='ltr'>solet</span> 
     </span>
    </p>

    <p class='ocr_par' dir='ltr' id='par_1_38' title="bbox 359 2118 1598 2175">
     <span class='ocr_line' id='line_1_40' title="bbox 359 2118 1598 2175; baseline -0.001 -15"><span class='ocrx_word' id='word_1_210' title='bbox 359 2119 560 2175; x_wconf 77' lang='lat' dir='ltr'>Iurgabit.</span> <span class='ocrx_word' id='word_1_211' title='bbox 611 2119 772 2160; x_wconf 89' lang='lat' dir='ltr'>saluom</span> <span class='ocrx_word' id='word_1_212' title='bbox 797 2127 837 2160; x_wconf 87' lang='lat' dir='ltr'>te</span> <span class='ocrx_word' id='word_1_213' title='bbox 862 2119 1072 2168; x_wconf 72' lang='lat' dir='ltr'>aduenire,</span> <span class='ocrx_word' id='word_1_214' title='bbox 1098 2118 1274 2169; x_wconf 87' lang='lat' dir='ltr'>Demea,</span> <span class='ocrx_word' id='word_1_215' title='bbox 1553 2124 1598 2160; x_wconf 84' lang='lat'>80</span> 
     </span>
    </p>

    <p class='ocr_par' dir='ltr' id='par_1_39' title="bbox 362 2181 619 2223">
     <span class='ocr_line' id='line_1_41' title="bbox 362 2181 619 2223; baseline -0.008 0"><span class='ocrx_word' id='word_1_216' title='bbox 362 2181 619 2223; x_wconf 89' lang='lat' dir='ltr'>Gaudemus.</span> 
     </span>
    </p>
   </div>
   <div class='ocr_carea' id='block_1_11' title="bbox 657 2299 1113 2396">
    <p class='ocr_par' dir='ltr' id='par_1_40' title="bbox 657 2299 1113 2396">
     <span class='ocr_line' id='line_1_42' title="bbox 657 2299 1113 2341; baseline 0.004 -2"><span class='ocrx_word' id='word_1_217' title='bbox 657 2299 854 2339; x_wconf 77' lang='lat' dir='ltr'>DEMEA</span> <span class='ocrx_word' id='word_1_218' title='bbox 936 2299 1113 2341; x_wconf 77' lang='lat' dir='ltr'>M1010</span> 
     </span>
     <span class='ocr_line' id='line_1_43' title="bbox 695 2370 1039 2396; baseline 0 0"><span class='ocrx_word' id='word_1_219' title='bbox 695 2370 813 2396; x_wconf 68' lang='lat' dir='ltr'>smffis</span> <span class='ocrx_word' id='word_1_220' title='bbox 1013 2372 1039 2396; x_wconf 88' lang='lat'>11</span> 
     </span>
    </p>
   </div>
   <div class='ocr_carea' id='block_1_12' title="bbox 540 2429 1526 2487">
    <p class='ocr_par' dir='ltr' id='par_1_41' title="bbox 540 2429 1526 2487">
     <span class='ocr_line' id='line_1_44' title="bbox 540 2429 1526 2487; baseline 0.005 -17"><span class='ocrx_word' id='word_1_221' title='bbox 540 2430 622 2471; x_wconf 67' lang='lat' dir='ltr'>DE.</span> <span class='ocrx_word' id='word_1_222' title='bbox 649 2429 799 2480; x_wconf 85' lang='lat' dir='ltr'>Ehem,</span> <span class='ocrx_word' id='word_1_223' title='bbox 825 2432 1073 2486; x_wconf 71' lang='lat' dir='ltr'>opportune:</span> <span class='ocrx_word' id='word_1_224' title='bbox 1100 2439 1139 2474; x_wconf 89' lang='lat' dir='ltr'>te</span> <span class='ocrx_word' id='word_1_225' title='bbox 1165 2431 1300 2486; x_wconf 90' lang='lat' dir='ltr'>ipsum</span> <span class='ocrx_word' id='word_1_226' title='bbox 1327 2434 1526 2487; x_wconf 85' lang='lat' dir='ltr'>quaerito.</span> 
     </span>
    </p>
   </div>
   <div class='ocr_carea' id='block_1_13' title="bbox 248 2492 1527 2549">
    <p class='ocr_par' dir='ltr' id='par_1_42' title="bbox 248 2492 1527 2549">
     <span class='ocr_line' id='line_1_45' title="bbox 248 2492 1527 2549; baseline 0.004 -16"><span class='ocrx_word' id='word_1_227' title='bbox 248 2494 324 2534; x_wconf 88' lang='lat' dir='ltr'>M1.</span> <span class='ocrx_word' id='word_1_228' title='bbox 358 2492 471 2545; x_wconf 82' lang='lat' dir='ltr'>Quid</span> <span class='ocrx_word' id='word_1_229' title='bbox 520 2493 646 2533; x_wconf 83' lang='lat' dir='ltr'>tristis</span> <span class='ocrx_word' id='word_1_230' title='bbox 695 2494 763 2534; x_wconf 86' lang='lat' dir='ltr'>es?</span> <span class='ocrx_word' id='word_1_231' title='bbox 827 2493 910 2534; x_wconf 69' lang='lat' dir='ltr'>DE.</span> <span class='ocrx_word' id='word_1_232' title='bbox 959 2493 1101 2549; x_wconf 75' lang='lat' dir='ltr'>Rogas</span> <span class='ocrx_word' id='word_1_233' title='bbox 1149 2496 1241 2536; x_wconf 87' lang='lat' dir='ltr'>me?</span> <span class='ocrx_word' id='word_1_234' title='bbox 1288 2495 1360 2536; x_wconf 92' lang='lat' dir='ltr'>ubi</span> <span class='ocrx_word' id='word_1_235' title='bbox 1408 2497 1527 2538; x_wconf 90' lang='lat' dir='ltr'>nobis</span> 
     </span>
    </p>
   </div>
   <div class='ocr_carea' id='block_1_14' title="bbox 361 2556 1529 2721">
    <p class='ocr_par' dir='ltr' id='par_1_43' title="bbox 361 2556 1529 2721">
     <span class='ocr_line' id='line_1_46' title="bbox 809 2556 1089 2598; baseline 0.007 -2"><span class='ocrx_word' id='word_1_236' title='bbox 809 2556 1089 2598; x_wconf 79' lang='lat' dir='ltr'>Aeschinust‘?</span> 
     </span>
     <span class='ocr_line' id='line_1_47' title="bbox 361 2616 1529 2672; baseline 0.003 -13"><span class='ocrx_word' id='word_1_237' title='bbox 361 2616 469 2659; x_wconf 81' lang='lat' dir='ltr'>Sciet</span> <span class='ocrx_word' id='word_1_238' title='bbox 518 2617 617 2672; x_wconf 83' lang='lat' dir='ltr'>quid</span> <span class='ocrx_word' id='word_1_239' title='bbox 666 2618 791 2659; x_wconf 80' lang='lat' dir='ltr'>tristis</span> <span class='ocrx_word' id='word_1_240' title='bbox 840 2619 918 2672; x_wconf 84' lang='lat' dir='ltr'>ego</span> <span class='ocrx_word' id='word_1_241' title='bbox 966 2619 1071 2662; x_wconf 77' lang='lat' dir='ltr'>sim?</span> <span class='ocrx_word' id='word_1_242' title='bbox 1146 2620 1224 2661; x_wconf 88' lang='lat' dir='ltr'>M1.</span> <span class='ocrx_word' id='word_1_243' title='bbox 1272 2620 1403 2662; x_wconf 87' lang='lat' dir='ltr'>Dixin</span> <span class='ocrx_word' id='word_1_244' title='bbox 1451 2620 1529 2663; x_wconf 81' lang='lat' dir='ltr'>hec</span> 
     </span>
     <span class='ocr_line' id='line_1_48' title="bbox 809 2679 922 2721; baseline 0.009 -1"><span class='ocrx_word' id='word_1_245' title='bbox 809 2679 922 2721; x_wconf 82' lang='lat' dir='ltr'>fore?</span> 
     </span>
    </p>
   </div>
  </div>
 </body>
</html>
