1700 2984
97 1122 141 1156 30

96 1491 140 1525 35

96 1867 141 1902 40

95 2306 139 2339 45

93 2617 138 2652 50

170 146 252 190 238

675 158 949 196 ADELPHOE
1068 174 1074 182 -
1446 162 1516 210 1,1

644 603 894 656 ACTVS
928 603 971 657 I.

715 709 894 753 Mlclo

743 787 869 814 SENEX

279 860 450 904 Storax!
471 888 526 894 ——
543 876 627 904 non
652 863 774 904 rediit
799 863 877 905 hec
901 870 1021 906 nocte
1041 880 1066 906 a
1085 880 1188 906 cena
1208 866 1445 908 Aeschinus
1463 884 1486 916 1,
1501 885 1516 910 1

277 924 426 979 Neque
447 925 704 967 seruolorum
718 927 953 980 quisquam,
974 927 1046 981 qui
1060 928 1285 969 aduorsum
1302 930 1447 970 ierant.

276 986 473 1029 Profecto
499 988 578 1030 hoc
602 1003 701 1030 uere
726 989 887 1030 dicunt:
920 989 954 1030 si
979 989 1093 1031 absis
1118 990 1281 1046 uspiam

278 1054 409 1106 Atque
431 1051 489 1091 ibi
515 1051 550 1092 si
575 1066 724 1101 cesseS‚
751 1051 917 1093 euenire
943 1067 993 1093 ea
1017 1052 1146 1094 setius
1172 1062 1246 1101 est,

278 1111 399 1166 Quae
424 1114 466 1155 in
492 1121 532 1155 te
556 1115 659 1155 uxor
684 1115 784 1156 djoit
808 1116 849 1156 et
873 1130 981 1169 quae
1006 1115 1048 1156 in
1073 1116 1211 1157 animo
1237 1117 1388 1172 cegitat
1483 1128 1501 1155 5

276 1176 402 1225 Irata,
430 1191 555 1230 quam
580 1177 651 1218 illa
675 1179 783 1231 quae
808 1185 999 1233 parentes
1024 1179 1201 1234 prepitii.

277 1238 405 1288 on'r,
432 1239 466 1279 si
492 1254 643 1289 cesses,
670 1241 741 1281 aut
766 1247 806 1282 te
831 1255 972 1282 amare
997 1240 1152 1297 cegitat

276 1301 395 1352 †Aut
431 1302 514 1343 tete
550 1302 680 1343 amari
716 1304 816 1355 aut†
851 1303 992 1358 petare
1035 1311 1160 1357 atque
1203 1304 1341 1345 animo
1377 1303 1449 1346 eb-

729 1365 859 1418 sequi.

279 1425 356 1481 [Et
380 1425 455 1467 tibi
481 1426 587 1468 bene
613 1442 703 1469 esse
729 1427 818 1475 soli,
844 1427 921 1468 sibi
947 1442 1072 1482 quom
1099 1428 1151 1469 sit
1175 1427 1317 1484 male]

277 1488 372 1544 Ego
397 1490 495 1542 quia
519 1503 602 1529 non
626 1489 747 1530 rediit
772 1489 882 1530 filius
907 1505 1013 1543 quae
1039 1490 1196 1545 cegitoi
1467 1504 1500 1529 10

279 1549 445 1601 Quibus
471 1552 581 1593 nunc
605 1551 803 1592 sollicitor
828 1551 971 1593 rebus!
999 1567 1051 1593 ne
1076 1560 1148 1593 aut
1173 1552 1240 1593 ille
1265 1552 1404 1594 elserit

279 1613 368 1654 Aut
392 1613 555 1668 uspiam
581 1614 774 1656 ceciderit
799 1630 843 1655 ac
867 1614 1138 1669 praefregerit

279 1675 465 1730 Aliquid.
526 1676 623 1726 uah,
661 1690 968 1730 quemquamne
998 1677 1206 1718 heminem
1237 1677 1278 1717 in
1310 1677 1448 1719 animo

728 1739 944 1781 instituere

276 1800 433 1843 Parere
459 1802 571 1855 quod
596 1801 649 1843 sit
674 1802 809 1843 czirius
834 1816 960 1856 quam
985 1802 1074 1857 ipse
1100 1802 1162 1843 est
1186 1802 1283 1843 sibi!

277 1864 420 1917 Atque
446 1865 497 1904 ex
522 1880 588 1906 me
614 1864 681 1906 hic
705 1872 828 1906 natus
853 1865 936 1907 nen
962 1874 1038 1914 est,
1064 1865 1136 1907 sed
1161 1880 1212 1907 ex
1243 1866 1369 1908 fratre
1394 1866 1448 1908 έεέ
1469 1878 1501 1905 15

728 1942 834 1969 meo.

277 1988 484 2030 Dissimili
509 1989 543 2030 is
569 1989 745 2031 studiost
769 1990 852 2030 iam
876 1989 974 2032 inde
999 1990 1052 2031 ab
1079 1989 1379 2032 adulescentia:

279 2051 372 2106 Ego
426 2051 533 2093 hene
585 2053 831 2094 clementem
885 2054 1014 2093 uitam
1068 2053 1271 2094 urbanam
1324 2062 1448 2108 atque

727 2115 857 2156 etium

279 2175 458 2218 Secutus
483 2191 577 2217 sum
602 2183 654 2225 et,
680 2177 794 2230 quod
817 2176 1072 2218 fertunatum
1098 2175 1166 2218 isti
1191 2185 1351 2232 putant,

276 2240 461 2281 Vxerem
487 2253 714 2293 numquam
736 2239 876 2280 habui.
912 2239 983 2293 ille
1003 2246 1146 2280 contra
1166 2240 1269 2282 haec
1288 2241 1447 2283 emnia:

275 2301 380 2342 Ruri
404 2303 529 2356 egere
555 2301 704 2351 uitam3
731 2303 894 2356 semper
918 2316 1042 2356 parce
1067 2316 1115 2342 ac
1141 2302 1297 2343 duriter
1466 2316 1499 2341 20

277 2362 334 2406 Se
360 2363 513 2405 habere
523 2380 533 2413 ;
558 2379 732 2405 uxorem
757 2364 893 2413 duxit3
918 2364 1005 2404 nati
1030 2363 1105 2404 filii

274 2425 393 2467 Duo:
417 2426 515 2467 inde
540 2441 618 2481 ego
644 2426 755 2467 hunc
779 2427 978 2467 maierem
1004 2426 1201 2481 adoptaui
1226 2426 1345 2476 mihi3

274 2487 415 2529 Eduxi
441 2504 466 2529 a
489 2489 677 2543 paruolo,
704 2489 843 2538 hebui,
871 2489 1008 2530 amaui
1034 2490 1107 2544 pre
1132 2503 1242 2537 meo3

274 2551 324 2591 In
350 2551 398 2592 ee
423 2566 490 2592 me
515 2551 691 2601 oblecto,
717 2551 849 2592 selum
874 2551 917 2592 id
943 2558 1002 2592 est
1029 2551 1170 2592 carum
1197 2550 1309 2592 mihi.

276 2613 352 2654 Ille
377 2614 422 2653 ut
446 2613 544 2654 item
571 2622 713 2655 contra
738 2629 804 2655 me
830 2613 983 2655 hebeat
1007 2613 1115 2655 facio
1142 2613 1304 2654 sedulo:
1466 2624 1499 2651 25

272 2675 356 2723 Do,
382 2676 678 2732 praetermitto,
703 2678 787 2718 nen
812 2691 982 2719 necesse
1008 2676 1141 2717 habeo
1168 2675 1306 2717 emnia
