1700 2984
89 142 156 188 1,2

157 344 233 387 Cn.

120 419 136 445 5
157 407 230 449 CL.

156 529 233 573 Cn.

156 654 230 696 CL.

104 1040 136 1065 10

157 1530 235 1572 Cn.

104 1666 137 1692 15

155 2029 234 2072 Cn.

101 2357 135 2381 20

476 140 722 176 HEAVTON
746 136 1113 175 TIMORVMENOS
1375 127 1400 170 ἴ)
1407 128 1432 169 9

266 221 395 262 Proin
420 228 466 262 tu
491 220 809 262 sollicitudinem
833 221 954 261 istam
978 220 1139 269 failsam,
1165 233 1273 273 quae
1297 226 1337 261 te
1362 235 1433 260 ex-

715 283 886 332 cruciat,
912 282 1065 324 mittas.

272 345 454 398 Quicum
479 345 662 399 loquitur
685 345 824 386 filius?

267 407 396 449 Pater
413 407 543 456 adest,
568 421 694 461 quem
711 407 844 448 uolui:
877 408 1014 449 adibo.
1047 408 1176 462 pater,
1203 413 1433 461 opportune

715 470 903 511 aduenis.

273 531 387 584 Quid
428 531 471 572 id
513 531 599 573 est?
664 530 738 573 CL.
784 532 914 573 Hunc
955 531 1254 573 Menedemum
1296 531 1433 571 nostin

714 593 1136 635 nostrum'uicinl'lm?
1173 592 1252 634 CH.
1280 593 1434 634 Probe.

268 656 381 697 Huic
406 655 538 696 filium
566 655 645 697 scis
671 656 788 697 esse?
826 654 904 697 Cn.
930 656 1091 697 Audiui
1116 670 1225 696 esse:
1256 657 1298 696 in
1318 655 1434 697 Asia.

716 717 790 760 CL.
821 718 917 760 Non
943 720 1018 768 est,
1044 725 1181 773 pater:

266 780 398 835 Apud
422 781 499 821 nds
524 787 598 821 est.
637 778 715 821 Cn.
742 779 859 833 Quid
884 781 968 821 a'1's‘?
1006 778 1080 821 CL.
1107 768 1434 830 Aduenientem,

717 857 740 883 e
764 843 863 883 naui
889 843 1171 897 egredientem
1196 843 1291 884 ilico

268 903 441 945 Abdfixi
467 904 520 945 ad
546 919 710 953 cenam3
736 907 832 945 mim
858 905 959 946 mihi
984 920 1137 961 magna
1162 920 1257 945 cum
1282 906 1329 946 eo
1355 905 1437 945 iam

715 967 811 1008 inde
837 965 1008 1023 [usque]
1037 983 1061 1008 a
1086 967 1264 1022 pue'ritia

267 1029 365 1069 Fuit
380 1030 542 1083 semper
563 1029 833 1070 familiaritas.
861 1028 938 1072 CH.
955 1030 1227 1085 Voluptzitem
1240 1045 1437 1085 magnam

716 1093 897 1134 nuntias.

268 1153 408 1206 Quam
438 1154 590 1196 uellem
620 1154 922 1197 Menedemum
951 1155 1190 1205 inuitatum,
1221 1162 1266 1196 ut
1296 1155 1438 1196 nobis-

717 1231 812 1258 cum
837 1225 958 1266 esset,
985 1218 1178 1273 simplius,

257 1279 316 1322 Vt
340 1279 447 1321 hanc
471 1279 671 1321 laetitiam
696 1280 962 1335 necopinanti
987 1283 1144 1336 primus
1170 1280 1376 1322 obicerem
1402 1281 1440 1322 ei

719 1342 848 1384 domi!

268 1392 410 1458 Atque
436 1405 562 1446 etiam
586 1420 698 1447 nunc
731 1407 895 1460 tempus
927 1414 1001 1447 est.
1063 1405 1137 1447 CL.
1165 1405 1282 1447 Caue
1310 1406 1436 1447 fzixis:

720 1483 804 1509 non
829 1483 934 1524 opus
959 1471 1034 1518 est,
1060 1477 1189 1524 pater.

275 1528 569 1585 Quapropter?
618 1528 692 1572 CL.
731 1529 844 1584 Quia
875 1532 985 1573 enim
1018 1532 1262 1573 incertumst
1300 1531 1438 1581 etiam,

718 1594 817 1647 quid
842 1609 887 1635 se
912 1594 1052 1635 faciat.
1084 1595 1208 1636 modo
1236 1594 1370 1644 uenit3

267 1655 406 1696 Timet
438 1655 590 1705 6mnia,
623 1656 751 1710 patris
781 1658 884 1697 iram
918 1665 958 1698 et
989 1657 1173 1698 animum
1205 1659 1362 1699 amicae
1394 1672 1438 1699 se

718 1733 818 1774 erga
843 1727 886 1760 ut
913 1721 963 1760 sit
990 1735 1104 1761 suae.
1200 1771 1202 1774 v

268 1779 375 1821 Eam
402 1781 550 1822 misere
575 1788 705 1830 amat3
731 1782 901 1836 propter
926 1797 1018 1823 eam
1044 1782 1147 1824 haec
1168 1783 1289 1823 turba
1314 1790 1438 1836 atque

715 1843 843 1884 abitio
870 1846 1021 1886 euenit.
1072 1843 1150 1886 CH.
1184 1843 1296 1887 Scio.

222 1937 230 1946 .
269 1905 393 1946 Nunc
424 1906 634 1947 seruolum
666 1906 718 1947 ad
749 1922 841 1948 eam
871 1907 914 1948 in
945 1908 1091 1948 urbem
1124 1908 1253 1957 misit,
1286 1909 1326 1949 e't
1358 1922 1436 1962 ego

716 1977 905 2010 nostrum
932 1973 1016 2011 unet
1042 1970 1210 2025 Syrum.

273 2030 387 2083 Quid
419 2031 584 2072 narrat?
634 2030 708 2072 CL.
747 2030 863 2083 Quid
893 2032 987 2074 ille?
1029 2034 1072 2074 se
1105 2033 1300 2074 miserum
1333 2047 1435 2075 esse.

717 2092 795 2135 Cn.
843 2094 1077 2136 Miserum?
1132 2110 1257 2149 quem
1298 2095 1437 2136 minus

716 2157 930 2198 crederes?

267 2217 382 2270 Quid
402 2218 584 2260 relicuist
599 2218 699 2273 quin
714 2219 880 2269 habeat,
895 2234 1002 2273 quae
1017 2220 1187 2274 quidem
1207 2221 1248 2261 in
1269 2221 1436 2262 homine

715 2282 910 2323 dicuntur
935 2283 1071 2323 bona?

266 2343 477 2393 Parentis,
526 2345 701 2399 patriam
744 2345 1016 2391 incolumem,
1066 2346 1239 2395 amicos,
1288 2348 1434 2401 genus,

712 2416 927 2463 cognatos,
954 2409 1090 2449 ditias.

267 2468 410 2522 Atque
437 2468 539 2510 haec
564 2469 736 2524 perinde
763 2471 859 2511 sunt
884 2478 930 2511 ut
955 2471 1065 2511 illius
1090 2470 1272 2512 animust
1292 2471 1362 2526 qui
1387 2487 1437 2514 ea

713 2532 919 2587 possidet:

267 2591 352 2646 Qui
378 2595 439 2634 uti
469 2593 559 2643 scit,
592 2594 628 2636 ei
661 2595 788 2640 bona3
825 2595 897 2644 illi,
936 2595 1006 2648 qui
1039 2609 1121 2636 non
1153 2595 1280 2638 utitur
1311 2598 1434 2647 recte,

714 2658 837 2700 mala.

1461 535 1526 570 180

1464 1158 1530 1194 185

1465 1787 1530 1822 190

1462 2476 1526 2511 195
