1700 2984
280 164 363 206 250
788 174 1064 210 ADELPHOE
1520 175 1588 220 111,
1606 175 1629 210 2

393 254 475 296 Tot
511 256 576 296 res
614 264 782 310 repente
815 257 1129 297 eircumuallant
1166 270 1222 304 se,
1259 256 1369 297 smde
1406 256 1562 311 emergi

843 318 926 358 nen
952 324 1106 372 potest:

391 380 466 421 Vis
493 387 656 434 egestas
680 379 882 421 iniustitia
907 380 1083 420 solitudo
1108 379 1291 420 infamia.
1596 390 1613 416 5

391 442 553 482 Heeine
579 442 780 483 saeclum!
813 457 836 483 o
863 443 1031 490 seelera,
1063 456 1086 481 0
1112 456 1267 496 genera
1297 442 1510 496 sacrilega,
1536 454 1561 482 o

842 503 1052 545 hominem
1076 503 1255 558 inpium!

185 570 253 605 305
279 564 351 607 So.
389 565 462 607 Me
496 568 704 615 miseram,
737 566 837 620 quid
867 581 963 606 nam
994 574 1053 607 est
1087 566 1197 619 qued
1222 566 1281 606 sie
1307 565 1428 606 uideo
1453 564 1561 605 timi-

843 628 941 668 dum
968 636 1009 668 et
1033 629 1325 682 properantem
1353 627 1528 668 Getam?

279 688 357 731 GE.
390 689 528 741 Quem
571 691 706 743 neque
750 689 851 730 fides
894 704 1031 743 neque
1067 690 1130 729 ias
1168 690 1388 730 iurandum
1425 691 1560 742 neque

839 752 953 792 illum
979 752 1263 793 miserieerdia

389 814 603 869 Repressit
643 829 778 868 neque
810 814 971 855 reflexit
1000 828 1136 868 neque
1173 814 1286 867 quod
1322 816 1463 869 pa'rtus
1498 814 1560 855 in-

840 877 977 917 stabat
1007 891 1150 932 prope,

389 939 501 992 Quoi
532 941 706 981 miserae
738 939 907 994 indigne
939 941 1012 994 per
1044 939 1131 980 uim
1162 939 1309 980 uitium
1340 940 1558 981 obtl'ilerat.
1579 952 1611 977 10

841 1002 914 1043 So.
946 1002 1041 1042 Non
1067 1002 1263 1056 intellego

389 1064 501 1106 Satis
528 1079 633 1118 quae
659 1064 853 1118 loquitur.
894 1062 971 1105 CA.
997 1064 1178 1119 Prepius
1197 1065 1369 1105 obsecro
1388 1065 1561 1106 acceda-

837 1141 943 1173 mus,
971 1126 1177 1168 Sostrata.
1228 1126 1308 1168 GE.
1342 1127 1424 1176 Ah,

184 1196 250 1229 310
387 1188 462 1230 Me
494 1190 704 1238 miserum,
744 1190 814 1230 uix
846 1204 936 1230 sum
969 1191 1138 1244 eempos
1172 1190 1310 1237 animi,
1348 1190 1404 1231 ita
1434 1190 1559 1231 ardeo

839 1252 1065 1293 irael'mdia.

386 1315 455 1356 Nil
491 1315 551 1356 est
584 1315 697 1369 quod
727 1315 868 1355 malim
900 1329 1024 1368 quam
1055 1315 1168 1355 illam
1200 1322 1328 1356 totam
1359 1315 1559 1356 familiam

838 1378 925 1419 dari
951 1378 1214 1427 mirdbuiam,

386 1442 444 1484 Vt
476 1456 555 1497 ego
586 1441 694 1482 hane
725 1441 829 1482 iram
860 1441 902 1481 in
934 1455 1002 1482 eos
1034 1442 1225 1482 euomam
1251 1456 1429 1490 omnem,
1459 1441 1559 1482 dum

837 1503 1055 1558 aegritudo
1082 1503 1184 1544 haee
1209 1505 1269 1544 est
1294 1519 1448 1545 reeens.

388 1566 523 1623 [Satis
549 1566 649 1607 mihi
674 1567 716 1608 id
737 1567 914 1607 habeam
935 1567 1125 1622 supplici,
1153 1567 1252 1607 (lum
1273 1567 1363 1607 illos
1384 1567 1560 1608 ulciscar
1579 1579 1611 1605 15

836 1627 996 1683 moda]

390 1691 490 1734 Seni
517 1691 697 1732 animam
724 1691 904 1746 primum
931 1693 1219 1746 extinguerem
1244 1691 1336 1746 ipsi,
1361 1692 1432 1745 qui
1457 1692 1559 1733 illud

839 1753 1034 1808 produxit
1059 1754 1214 1803 see1us3

183 1822 249 1855 315
386 1816 497 1857 Tum
518 1818 655 1857 autem
679 1815 833 1871 Syrum
853 1816 1118 1871 inpulsfflem,
1146 1816 1241 1865 uah,
1268 1817 1418 1869 quibus
1442 1817 1559 1858 illum

839 1878 1064 1919 lacerarem
1091 1879 1241 1920 modis!

390 1941 609 1982 Sublimem
636 1941 819 1983 medium
847 1942 1071 1996 arriperem
1098 1949 1137 1982 et
1162 1942 1295 1996 eapite
1320 1942 1493 1996 prdnum
1518 1942 1559 1983 in

837 2011 946 2045 terra
971 2012 1019 2044 st
1011 2004 1209 2053 ituerem,

387 2066 446 2107 Vt
471 2067 641 2108 cerebro
667 2066 835 2120 disperg
837 2067 879 2106 it
903 2066 1028 2106 uiam.

387 2116 696 2170 Adulescenti‘
687 2129 765 2183 ipsi
792 2128 992 2181 eripe1em
1018 2128 1173 2177 oeulos,
1199 2129 1290 2182 pest
1315 2128 1416 2169 haee
1442 2144 1560 2184 prae·
1578 2142 1610 2167 20

840 2190 1005 2244 cipitem
1032 2190 1186 2231 dar.em

390 2251 564 2294 Ceteros
607 2267 769 2294 ruerem
806 2253 974 2308 agerem
1013 2268 1220 2307 raperem.
1266 2253 1481 2293 ti'mderem
1520 2261 1560 2294 et

838 2317 1154 2369 prosternerem.

186 2383 254 2417 320
392 2378 478 2420 Sed
504 2380 620 2419 cesso
648 2393 757 2419 eram
786 2377 862 2418 hoe
889 2378 996 2418 malo
1021 2378 1215 2432 inpertire
1240 2379 1437 2432 propere?
1485 2376 1557 2419 So.

837 2440 1117 2500 Reuoeemi'is:
1159 2439 1282 2481 Geta.
1328 2439 1405 2480 (1¹13.
1434 2441 1557 2489 Hem,

388 2503 588 2556 Quisquis
610 2518 666 2551 es,
694 2503 779 2543 sine
800 2517 878 2542 me
918 2500 990 2543 So.
1017 2491 1111 2557 Ego
1132 2517 1223 2542 sum
1245 2501 1374 2543 Sostr
1365 2511 1442 2543 atui
1477 2500 1557 2543 GE.

837 2563 923 2605 Vbi
949 2567 1060 2605 east?
1087 2574 1125 2605 te
1151 2564 1282 2619 ipsam
1309 2564 1507 2617 quaerito,

387 2627 448 2668 Te
475 2628 671 2682 expecto3
698 2626 850 2681 oppido
877 2627 1106 2680 eppei-time
1134 2636 1172 2667 te
1198 2626 1381 2667 ebtulisti
1406 2627 1460 2667 mi
1486 2626 1558 2667 ‹ib-

836 2704 960 2730 mam.
