1726 2984
103 165 170 210 1‚5

124 815 157 843 35

121 1251 156 1278 40

121 1689 154 1715 45

120 2001 154 2027 50

60 2352 152 2402 ι55

119 2689 152 2714 60

708 161 778 197 AN
781 161 906 195 DRIA
1395 146 1446 188 19

283 246 399 288 Dum
423 245 466 286 in
490 244 656 285 dubiost
680 242 856 292 animus,
886 241 1011 297 paulo
1041 245 1251 281 momento
1275 238 1357 279 huc
1380 237 1448 279 uel

726 305 826 346 illuc
849 303 1072 359 inpellitur.

171 371 248 412 ΡΑ.
280 370 387 423 Quis
412 368 480 411 hic
502 368 710 422 loquitur?
767 367 918 421 Mysis,
944 365 1072 407 salue.
1130 364 1220 405 MY.
1254 361 1294 404 Ο
1321 362 1447 411 salue,

727 428 962 483 Pamphile.
1043 426 1120 467 ΡΑ.
1176 424 1292 477 Quid
1340 424 1449 479 agit?

729 491 820 532 MY.
856 489 1024 546 Rogas?

282 555 469 597 Laborat
494 569 516 597 e
541 554 696 604 dolore,
727 561 852 607 atque
883 568 934 594 ex
959 552 1037 593 hoc
1061 551 1212 592 misera
1237 548 1450 590 sollicitast

620 660 622 662 ,
728 616 809 665 die,

283 679 395 733 Quia
420 679 518 721 olim
543 679 585 720 in
610 678 721 719 hunc
746 685 843 719 sunt
868 677 1117 719 constitutae
1141 674 1323 729 nuptiae.
1362 680 1451 714 tum

731 748 871 782 autem
896 739 976 780 hoc
1001 739 1130 787 timet,

282 804 322 846 N
326 820 347 846 e
362 804 528 846 deseras
542 818 598 845 se.
614 803 691 844 ΡΑ.
704 799 852 858 [Hem]
865 801 989 857 Egon
1002 802 1109 842 istuc
1124 799 1264 841 conari
1278 797 1452 852 queam?
1475 800 1543 834 270

283 866 407 921 Egon
431 866 602 921 propter
625 880 693 906 me
717 865 831 906 illam
858 864 993 918 de'cipi
1017 863 1211 904 miseram
1237 861 1383 909 sinam,

284 928 406 981 Quae
440 928 542 969 mihi
577 942 696 969 suom
733 927 917 968 animum
961 934 1085 979 atque
1122 924 1287 965 omnem
1322 922 1452 964 uitam

733 988 919 1038 credidit,

284 1051 425 1106 Quam
450 1067 528 1108 ego
546 1053 684 1093 animo
707 1051 873 1107 egregie
894 1052 1033 1092 caram
1051 1063 1127 1105 pro
1147 1062 1275 1089 uxore
1296 1046 1453 1088 habue-

729 1114 832 1154 rim?

282 1178 400 1219 Bene
424 1179 464 1219 et
488 1177 638 1233 pudice
658 1177 746 1218 eius
771 1176 942 1217 doctum
962 1182 1085 1227 atque
1105 1173 1301 1214 eductum
1319 1171 1453 1213 sinam

285 1238 489 1281 Coactum
516 1247 700 1295 egestate
724 1238 938 1295 ingenium
963 1235 1229 1277 inmutat-ier?

283 1303 378 1344 Non
409 1302 573 1344 faciam.
627 1302 716 1343 MY.
755 1301 885 1342 Haud
909 1314 1068 1348 uerear,
1100 1298 1133 1339 si
1156 1299 1199 1339 in
1223 1305 1264 1339 te
1289 1298 1341 1339 sit
1365 1297 1454 1339 solo

732 1365 856 1406 situm
864 1380 875 1413 3
1019 1412 1027 1425 ν

284 1427 370 1470 Sed
395 1428 481 1468 uim
506 1428 550 1468 ut
575 1441 703 1481 queas
723 1428 842 1469 ferre.
895 1425 972 1468 ΡΑ.
999 1424 1152 1466 Adeon
1170 1438 1236 1465 me
1255 1423 1454 1478 ignauom

732 1497 868 1544 putas,

283 1553 435 1595 Adeon
454 1567 575 1608 porro
596 1553 805 1607 ingratum
826 1552 896 1592 aut
916 1550 1189 1591 inhumanum
1210 1550 1281 1590 aut
1304 1548 1452 1597 ferum,

283 1617 343 1658 Vt
361 1617 497 1670 neque
516 1630 581 1657 me
601 1615 857 1656 consuetudo
876 1628 1011 1667 neque
1033 1627 1148 1653 amor
1166 1613 1302 1665 neque
1320 1611 1455 1666 pudor

287 1677 563 1719 Commoueat
587 1692 722 1731 neque
748 1677 1021 1725 commoneat,
1047 1683 1093 1715 ut
1118 1676 1282 1716 seruem
1305 1674 1454 1715 fidem?
1478 1676 1545 1710 280

170 1741 260 1782 MY.
285 1741 428 1783 Vnum
446 1740 525 1781 hoc
546 1740 644 1788 scio,
664 1740 854 1781 meritam
874 1740 978 1787 esse,
1003 1745 1048 1778 ut
1069 1751 1229 1778 memor
1247 1738 1357 1777 esses
1377 1736 1453 1777 sui.

171 1802 247 1843 PA.
283 1803 450 1844 Memor
474 1802 632 1843 essem?
658 1817 681 1843 o
706 1802 844 1856 Mysis
868 1800 1020 1856 My'sis,
1047 1800 1171 1841 etiam
1195 1800 1306 1840 nunc
1330 1798 1431 1839 mihi

285 1865 450 1921 Scripta
473 1865 544 1905 illa
569 1865 679 1906 dicta
704 1865 799 1906 sunt
823 1865 866 1905 in
892 1864 1028 1904 animo
1055 1861 1273 1917 Chrysidis

282 1928 350 1969 De
378 1926 585 1982 Glycerio.
634 1927 718 1968 iam
742 1927 873 1968 ferme
898 1926 1077 1967 moriens
1103 1926 1169 1966 me
1194 1931 1335 1965 uocat:

282 1990 456 2031 Acce'ssi
466 2006 476 2038 3
501 2004 577 2031 uos
603 1990 804 2038 semotae3
829 2004 905 2030 nos
930 1988 1026 2030 soli:
1051 1987 1196 2042 incipit

285 2053 368 2093 ‘Mi
380 2051 614 2107 Pamphile,
641 2052 764 2093 huius
784 2052 961 2093 formam
981 2060 1105 2104 atque
1124 2051 1302 2091 aetatem
1320 2049 1452 2099 uides,

282 2115 321 2156 Ν
325 2130 371 2156 ec
396 2115 502 2155 clam
527 2124 566 2155 te
592 2123 671 2163 est,
697 2128 823 2168 quam
847 2114 904 2154 illi
929 2114 1039 2154 nunc
1063 2121 1263 2166 utraeque
1287 2112 1452 2153 inutiles

282 2176 339 2217 Et
362 2177 416 2217 ad
439 2177 683 2232 pudicitiam
708 2179 748 2218 et
773 2177 826 2217 ad
850 2192 938 2218 rem
963 2175 1180 2216 tutandam
1207 2175 1323 2216 sient.

283 2238 411 2291 Quod
428 2241 502 2294 per
521 2254 599 2293 ego
618 2247 657 2280 te
677 2239 784 2280 hanc
803 2255 907 2280 nunc
926 2238 1115 2279 dextram
1134 2251 1206 2278 oro
1226 2244 1267 2278 et
1284 2237 1452 2292 genium

732 2310 860 2351 tuom,

281 2363 366 2406 Per
390 2366 504 2405 tuam
528 2364 654 2406 fidem
678 2379 835 2419 perque
860 2364 983 2405 huius
1009 2363 1273 2404 solitudinem

281 2426 344 2468 Te
369 2426 565 2476 obtestor,
591 2442 644 2469 ne
669 2428 743 2468 abs
768 2435 808 2468 te
833 2427 940 2467 hanc
960 2428 1153 2481 segreges
1171 2440 1254 2466 neu
1273 2425 1451 2466 deseras.

284 2488 331 2530 Si
355 2498 394 2530 te
418 2490 461 2529 in
485 2490 673 2544 germani
697 2490 835 2530 fratris
862 2489 987 2530 dilexi
1011 2489 1101 2529 loco

286 2550 387 2593 Siue
412 2551 514 2592 hae'c
539 2560 580 2592 te
605 2552 738 2593 solum
764 2554 927 2606 semper
951 2551 1049 2592 fecit
1074 2550 1259 2591 maxumi

285 2614 371 2656 Seu
396 2614 471 2654 tibi
496 2614 703 2669 morigera
726 2614 805 2655 fuit
828 2614 871 2654 in
895 2614 1020 2656 rebus
1046 2613 1251 2662 omnibus,

282 2677 344 2718 Te
368 2677 436 2718 isti
460 2675 596 2718 uirum
623 2677 689 2727 do,
716 2678 894 2718 amicum
919 2677 1098 2718 tutorem
1123 2683 1281 2733 patrem
1290 2692 1300 2725 ;

1185 2742 1227 2767 6)ss

1187 2765 1206 2777 nd

1477 1233 1545 1268 275

1478 1989 1545 2024 285

1476 2365 1543 2399 290

1477 2674 1544 2710 295
