1700 2984
114 123 162 168 11,
178 123 200 157 2

182 201 262 245 Gn.

145 450 247 493 5Gn

178 700 256 741 Pu.

181 821 247 865 GE

128 1084 160 1111 10
179 1071 246 1115 Gn

126 1707 159 1733 15

179 1818 258 1861 GE.

692 120 920 156 PHORMIO
1373 112 1453 153 163

295 188 476 258 Oppido.
514 201 592 243 ΡΗ.
614 200 685 242 Ad
699 208 739 243 te
752 202 914 243 summa
928 201 1074 250 solum,
1093 200 1304 252 Phdrmio,
1318 203 1454 244 rerum

736 264 862 305 redit:

291 327 400 367 Tute
436 326 514 368 hoc
549 325 717 367 intristi:
759 326 834 367 tibi
870 333 1031 368 omnest
1067 325 1345 367 exedendum:
1387 340 1454 368 ac-

738 403 916 444 cingere.

294 436 482 492 Obsecro
501 456 554 491 te.
591 449 669 491 ΡΗ.
697 449 744 492 Si
767 451 932 505 rogabit
952 483 960 492 .
982 482 992 492 .
1030 449 1111 492 GE.
1138 437 1187 491 I'n
1207 456 1247 492 te
1265 465 1359 506 spes
1379 457 1452 492 est.

735 513 812 554 ΡΗ.
843 513 1014 563 Ecceoe,

292 574 404 627 Quid
425 574 458 615 si
477 573 646 615 reddet?
681 573 759 616 GE.
779 575 845 616 Tu
865 575 1063 630 inpulisti.
1099 575 1176 616 ΡΗ.
1199 574 1281 624 Sic,
1296 575 1452 630 opinor.
1478 578 1544 612 320

740 635 820 679 Gn.
859 637 1061 679 Subueni.

288 698 402 742 Cedo
428 713 588 740 senem:
615 699 696 739 iam
722 699 920 740 instructa
945 707 1041 740 sunt
1064 699 1120 740 mi
1145 699 1186 740 in
1212 699 1333 741 cdrde
1358 713 1455 741 con-

737 762 827 802 silia
851 762 999 802 dmnia.

293 822 407 876 Quid
433 825 557 879 ages?
605 823 681 864 ΡΗ.
716 823 830 874 Quid
859 824 936 873 uis,
967 824 1044 865 nisi
1070 824 1130 865 uti
1153 830 1319 864 maneat
1343 823 1454 864 Pha-

737 886 853 926 nium
877 893 1001 940 atque
1027 902 1078 927 ex
1103 886 1272 926 crimine
1297 885 1376 926 hoc

290 935 576 1003 Antiphonem
614 948 784 1003 eripiam
815 955 940 1001 atque
970 948 1012 988 in
1048 963 1114 989 me
1151 962 1315 988 omnem
1350 949 1454 988 iram

739 1009 924 1052 deriuem
950 1011 1083 1051 senis?

293 1058 348 1122 O,
386 1072 450 1114 uir
486 1072 602 1114 fortis
639 1074 764 1126 atque
799 1072 983 1114 amicu’s.
1032 1073 1177 1113 uerum
1210 1071 1288 1113 hoc
1318 1086 1454 1127 saepe,

736 1133 946 1184 Phdrmio,

279 1197 457 1245 Vereor,
499 1212 551 1238 ne
586 1196 713 1238 istaec
749 1196 945 1237 fen-titudo
981 1196 1025 1237 in
1060 1197 1231 1237 neruom
1268 1203 1456 1250 erumpat

736 1258 928 1312 de'nique.
976 1259 1052 1300 PH.
1090 1258 1175 1308 Ah,

290 1320 384 1362 Ndn
415 1320 527 1362 itast:
558 1320 755 1362 factumst
785 1321 999 1375 periclum,
1031 1320 1113 1361 iam
1143 1320 1297 1375 pedum
1327 1319 1456 1361 uisast

738 1383 821 1424 uia.

291 1444 415 1498 Qudd
440 1460 505 1487 me
531 1460 674 1487 censes
701 1445 885 1486 hdmines
904 1445 987 1486 iam
1006 1445 1303 1487 deuerberasse
1323 1458 1456 1499 usque

737 1508 791 1548 ad
815 1508 984 1549 necem?

294 1570 530 1626 [Hospites‚
574 1577 662 1612 tum
705 1569 832 1611 ciuis?
880 1584 961 1624 quo
1004 1569 1138 1625 magis
1179 1569 1298 1619 noui,
1340 1576 1455 1611 tanto

738 1630 938 1687 saepius]

291 1693 408 1736 Cedo
445 1695 564 1745 dum,
601 1709 853 1748 enumquam
888 1693 1131 1735 iniuriarum
1169 1694 1319 1735 audisti
1356 1693 1456 1735 mihi

738 1757 931 1812 scriptam
957 1756 1115 1798 dicam?

291 1818 376 1872 Qui
406 1820 536 1861 istuc?
595 1819 672 1860 ΡΗ.
706 1818 819 1871 Quia
847 1833 930 1860 non
954 1820 1040 1860 rete
1065 1818 1250 1874 accipitri
1275 1819 1457 1860 tenuitur

737 1896 874 1935 neque
899 1881 1040 1931 miluo,

291 1943 376 1996 Qui
401 1944 509 1985 male
534 1943 694 1985 faciunt
718 1944 854 1985 ndbis:
880 1943 960 1985 illis
978 1944 1050 1997 qui
1068 1943 1169 1984 nihil
1188 1943 1348 1986 faciunt
1366 1945 1456 1986 ten-

736 2007 862 2056 nitur,

288 2067 401 2122 Quia
443 2069 552 2111 enim
594 2068 637 2110 in
680 2068 759 2110 illis
802 2068 960 2109 fructus
1004 2075 1084 2117 est,
1125 2068 1168 2109 in
1207 2068 1287 2110 illis
1329 2082 1456 2124 opera

737 2130 906 2171 luditur.

288 2180 397 2235 Aliis
434 2193 600 2235 aliunde
637 2194 699 2234 est
734 2193 949 2248 periclum,
985 2192 1095 2233 unde
1124 2191 1281 2246 aliquid
1312 2193 1456 2234 abradi

738 2262 892 2310 potest:

289 2317 398 2359 Mihi
435 2317 570 2359 sciunt
605 2317 662 2358 nil
698 2318 802 2358 esse.
857 2317 969 2358 dices
1006 2316 1177 2358 ‘ducent
1213 2316 1455 2358 damnatum

737 2379 944 2420 domum':

287 2429 416 2484 Alere
446 2442 591 2483 nolunt
621 2442 827 2483 heminem
859 2441 1048 2489 edacem,
1087 2448 1127 2481 et
1163 2440 1328 2495 sapiunt
1363 2456 1456 2483 mea

740 2503 957 2552 sententia,

288 2566 371 2607 Pr6
419 2566 621 2608 maleficio
671 2568 704 2608 si
752 2565 1000 2606 beneficium
1054 2565 1261 2605 summum
1310 2566 1455 2608 nolunt

735 2627 920 2669 reddere.

1168 2693 1232 2728 11*

1480 1198 1545 1232 325

1480 1826 1547 1861 330

1480 2450 1546 2484 335
