1700 2984
239 160 322 205 200
779 172 983 208 HECYRA
1519 176 1548 220 1,
1565 175 1587 210 2

239 253 310 295 Sy.
350 253 478 295 Salue
515 261 737 303 mecastor,
774 253 996 296 Parmeno.
1066 255 1144 296 ΡΑ.
1182 254 1239 297 Et
1277 263 1322 298 tu
1359 256 1519 311 edepol,

801 316 922 371 Syra.

348 378 431 419 Dic
456 379 525 428 mi,
550 378 636 427 fibi,
660 378 852 429 Philotis,
878 388 918 421 te
944 380 1160 421 oblectasti
1184 382 1268 421 tam
1295 380 1390 421 diu?

167 449 211 483 85
235 441 313 482 ΡΗ.
345 441 538 482 Minume
563 440 758 495 equidem
782 456 849 483 me
875 442 1094 491 oblectaui,
1120 456 1227 496 quae
1253 458 1348 484 cum
1372 443 1501 484 milite
1538 455 1570 480 ιο

349 501 597 543 Corinthum
623 502 719 544 hinc
745 518 837 544 sum
861 504 1048 558 profecta
1072 503 1449 546 inhumanissumo:

348 565 571 605 Biennium
595 564 654 605 ibi
679 566 922 619 perpetuom
948 566 1098 607 misera
1122 566 1239 607 illum
1265 567 1353 608 tuli.

235 627 312 670 PA.
344 626 508 682 Edepol
533 635 572 668 te
597 627 848 669 desiderium
873 627 1136 670 Athenarum
1162 629 1349 678 arbitror,

348 689 588 738 Philotium,
615 691 774 744 cepisse
799 705 923 745 saepe
948 698 989 732 et
1013 692 1052 731 te
1078 699 1193 732 tuom

166 754 210 788 90
349 751 580 792 Consilium
605 753 916 807 contempsisse.
974 753 1051 794 Pu.
1078 753 1173 794 Non
1199 753 1279 794 dici
1303 760 1452 808 potest,
1535 762 1567 787 15

345 813 487 866 Quam
529 813 681 869 cupida
722 829 835 855 eram
878 814 958 855 huc
1001 815 1221 865 redeundi,
1270 813 1450 856 abeundi
1494 827 1518 853 a

799 876 928 917 milite

345 939 518 992 Vosque
544 938 610 979 hic
636 937 818 986 uidendi,
845 940 1016 992 antiqua
1040 946 1085 980 ut
1111 938 1409 979 consuetudine

343 1001 564 1056 Agitarem
589 1001 696 1041 inter
720 1015 795 1041 uos
822 1001 950 1042 libere
977 1001 1229 1041 conuiuium.

345 1063 454 1104 Nam
480 1063 539 1104 illi
564 1062 675 1103 haud
701 1063 850 1104 licebat
875 1063 953 1103 nisi
978 1063 1192 1117 praefinito
1217 1063 1329 1116 loqui

164 1128 207 1162 95
345 1124 467 1176 Quae
492 1126 550 1166 illi
580 1125 803 1180 placerent.
862 1125 939 1166 PA.
966 1125 1095 1166 Haud
1126 1125 1270 1181 opinor
1301 1123 1515 1166 commode
1535 1134 1567 1159 20

345 1188 494 1229 Finem
521 1188 714 1229 statuisse
740 1188 913 1228 ora'tioni
937 1188 1123 1229 militem.

230 1252 308 1292 PH.
341 1250 428 1293 Sed
453 1251 553 1304 quid
578 1250 656 1291 hoc
681 1250 876 1304 negotist,
903 1250 1026 1291 modo
1052 1250 1164 1304 quod
1188 1251 1373 1291 narrauit
1398 1248 1498 1289 mihi

342 1314 426 1354 Hic
451 1315 561 1354 intus
587 1313 790 1354 Bacchis?
822 1313 931 1366 quod
957 1328 1035 1368 ego
1058 1327 1288 1366 numquam
1315 1311 1470 1353 credidi

344 1376 468 1425 Fore,
495 1383 541 1416 ut
565 1376 632 1416 ille
658 1375 735 1416 hac
760 1376 859 1416 uiua
883 1376 1021 1430 posset
1045 1376 1230 1416 animum
1254 1375 1450 1416 inducere

141 1442 206 1475 100
342 1439 525 1481 onrem
559 1438 725 1479 habere.
784 1438 862 1478 PA.
894 1438 1064 1480 Habere
1096 1438 1260 1480 autem?
1312 1438 1390 1478 Pu.
1423 1436 1515 1477 Eho
1534 1447 1567 1472 25

792 1508 851 1549 tu,
878 1517 930 1541 an
955 1502 1036 1542 non
1062 1500 1213 1542 habet?

230 1564 307 1604 PA.
345 1564 501 1612 Habet,
528 1563 601 1604 sed
625 1563 769 1604 firmae
795 1562 898 1605 haec
923 1565 1071 1606 uereor
1095 1571 1141 1604 ut
1166 1563 1246 1604 sint
1270 1561 1452 1617 nuptiae.

230 1626 308 1667 Pu.
340 1627 407 1667 Ita
432 1625 474 1666 di
500 1625 684 1679 deaeque
711 1625 856 1674 faxint,
883 1625 916 1666 si
941 1625 983 1666 in
1008 1641 1095 1667 rem
1121 1633 1182 1666 est
1206 1624 1440 1666 Bacchidis.

344 1688 430 1730 Sed
466 1689 538 1741 qui
572 1688 679 1729 istuc
716 1687 881 1729 credam
918 1688 976 1729 ita
1013 1689 1115 1737 esse,
1160 1687 1225 1729 dic
1261 1687 1374 1736 mihi,
1411 1687 1514 1727 Par-

795 1765 928 1792 meno.

230 1813 308 1855 ΡΑ.
345 1814 442 1855 Non
467 1814 529 1854 est
554 1828 658 1869 opus
683 1813 862 1868 prolato:
889 1813 967 1855 hoc
992 1812 1272 1868 percontarier

141 1879 206 1913 105
342 1876 522 1918 Desiste.
594 1876 672 1917 ΡΗ.
710 1876 873 1931 Nempe
910 1891 959 1917 ea
996 1877 1139 1925 causa,
1182 1884 1227 1917 ut
1271 1891 1322 1917 ne
1364 1874 1407 1915 id
1443 1874 1512 1915 fiat
1532 1886 1564 1911 ³0

794 1939 957 1994 palam?

340 2002 407 2043 Ita
431 2002 496 2042 me
522 2001 564 2043 di
589 2001 802 2050 amabunt,
828 2001 940 2042 hand
965 2010 1183 2056 propterca
1207 2002 1247 2042 te
1273 2015 1388 2056 rogo,

339 2065 399 2106 Vt
423 2064 500 2105 hoc
524 2064 747 2118 proferam,
780 2064 852 2105 sed
877 2072 921 2104 ut
947 2064 1072 2104 tacita
1097 2078 1260 2105 mecum
1291 2063 1510 2118 gaudeam.

226 2128 304 2168 ΡΑ.
341 2127 583 2181 Numquam
608 2135 693 2167 tam
719 2126 830 2168 dices
856 2126 1081 2174 commode,
1113 2135 1156 2167 ut
1184 2127 1346 2182 tergum
1370 2141 1509 2167 meum

340 2190 477 2231 Tuam
505 2190 548 2230 in
578 2189 703 2230 fidem
735 2190 1001 2230 committam.
1061 2189 1139 2229 ΡΗ.
1172 2189 1243 2229 Ah
1274 2188 1371 2237 noli,
1406 2188 1510 2229 Par-

792 2267 933 2293 meno:

139 2324 203 2358 110
340 2314 474 2367 Quasi
498 2315 543 2355 t1'1
566 2329 651 2355 non
674 2315 804 2355 multo
830 2314 949 2355 malis
974 2329 1140 2355 narrare
1166 2314 1244 2355 hoc
1269 2313 1370 2354 mihi
1528 2325 1561 2350 35

340 2378 479 2429 Quam
505 2391 583 2432 ego
609 2378 716 2431 quae
742 2384 960 2432 percontor
990 2378 1105 2418 scire.
1165 2376 1243 2417 ΡΑ.
1269 2377 1383 2419 Vera
1407 2374 1508 2416 haec

789 2439 1014 2494 praedicat,

338 2502 395 2543 Et
418 2502 521 2542 ilh'td
545 2501 645 2543 mihi
670 2502 857 2543 uitiumst
883 2504 1137 2542 maxumum.
1188 2501 1222 2542 si
1246 2500 1347 2541 mihi
1371 2500 1497 2541 fidem

338 2565 428 2605 Das
454 2567 492 2606 te
519 2564 749 2613 tacituram,
777 2564 924 2606 (licam.
962 2565 1039 2605 Pu.
1062 2564 1131 2604 Ad
1151 2564 1363 2618 ingenium
1384 2563 1506 2604 redis.

338 2627 485 2668 Fidem
523 2626 594 2668 do:
641 2627 821 2681 loquere.
887 2627 964 2667 ΡΑ.
1002 2626 1221 2668 Ausculta.
1292 2626 1369 2666 ΡΠ.
1408 2625 1507 2666 Istic

787 2705 890 2730 sum.
937 2689 1014 2731 ΓΑ.
1042 2690 1164 2730 Hanc
1191 2687 1444 2729 Bacchidem
