1700 2984
86 245 196 293 nnss

103 402 136 428 10

102 772 134 798 15
151 760 233 803 ΒΕ.

153 1009 223 1052 SY.

100 1085 132 1109 20
151 1072 231 1113 DE.

99 1459 132 1484 25

96 1835 130 1860 30

652 243 926 281 ADELPHOE
1348 229 1430 275 253

266 328 379 369 Eum
402 327 649 382 quaeritare,
674 327 903 380 numquam
928 325 1038 367 dicet
1063 323 1275 365 edu-nufex.

265 390 360 432 Non
395 390 614 432 ostendam
651 389 693 430 id
730 404 796 430 me
833 389 954 430 uelle.
1015 386 1085 429 SY.
1125 385 1309 427 Omnem
1345 400 1433 427 rem

716 450 837 491 modo
862 450 950 491 seni

267 512 364 566 Quo
389 515 513 568 paeicto
539 513 725 562 haberet,
751 513 991 553 enarramus
1018 511 1180 552 ordine:
1458 512 1524 548 365

266 575 337 616 Nil
364 577 588 629 quicquam
614 575 700 615 uidi
724 575 886 616 laetius.
942 574 1023 614 Dn.
1054 573 1139 614 Pro
1165 572 1365 628 Iuppiter,

268 638 462 678 Hominis
489 636 724 678 stultitiam!
775 636 846 679 SY.
880 635 1160 678 Conlaudauit
1183 635 1337 684 filium3

264 699 387 749 Mihi,
414 700 485 754 qui
510 700 552 740 id
579 699 785 740 dedissem
811 699 1044 748 consilium,
1070 698 1156 753 egit
1180 697 1348 752 grzitias.

265 762 536 817 Disrumporl
586 761 657 804 SY.
684 763 922 817 Argentum
947 760 1239 802 adnumerauit
1261 760 1376 810 ilico;

265 824 395 866 Dedit
421 833 634 879 praeterea
658 824 700 864 in
726 825 938 878 sumptum
965 823 1181 863 dimidium
1205 822 1359 872 minae3
1456 830 1525 866 370

264 887 315 927 Id
341 887 606 927 distributum
631 886 729 927 stine
762 895 824 927 est
850 901 901 926 ex
927 885 1143 926 sententia.
1191 885 1273 926 DE.
1306 886 1432 935 Hem,

265 949 377 990 Huic
401 949 587 997 mz'tndes,
613 948 646 989 si
672 948 772 1002 quid
796 949 907 989 recte
933 948 1122 989 curatum
1148 947 1266 989 uelis.

261 1010 397 1052 Ehem
422 1011 598 1059 Demea,
629 1010 742 1051 haud
768 1011 1012 1064 aspexeram
1039 1018 1091 1050 te.
1141 1010 1242 1063 quid
1272 1009 1433 1065 agitur?

264 1072 380 1125 Quid
405 1073 581 1128 agatur?
606 1081 788 1114 nostram
814 1074 976 1126 nequeo
1002 1072 1142 1113 mirari
1166 1072 1264 1113 satis

263 1136 497 1178 Rationem.
573 1134 645 1177 Sy,
701 1135 778 1176 Est
820 1135 957 1176 hercle
1000 1135 1159 1190 inepta3
1202 1150 1254 1176 ne
1298 1135 1432 1177 dictim
1456 1143 1523 1177 375

712 1198 820 1246 dolo,

263 1260 475 1301 Absurda.
524 1260 648 1315 piscis
675 1262 833 1302 ce'teros
858 1262 1005 1315 purgzi,
1031 1259 1211 1310 Drom03

264 1322 484 1377 Gongrum
508 1324 632 1363 istum
658 1338 900 1364 maxumum
930 1324 972 1363 in
1003 1336 1111 1375 aqua
1142 1322 1264 1364 sinito
1289 1323 1431 1365 ludere

263 1385 505 1440 Tantisper:
532 1385 604 1426 ubi
632 1399 709 1439 ego
734 1385 908 1434 rediero,
934 1385 1211 1435 exossa'tbitur3

261 1447 385 1488 Prius
416 1448 524 1489 nolo.
573 1447 654 1489 DE.
693 1448 881 1489 Haecine
911 1448 1092 1502 flagitia?
1141 1447 1212 1489 SY.
1250 1448 1315 1489 Mi
1341 1449 1431 1503 qui-

710 1510 804 1551 dem
829 1511 912 1551 non
938 1510 1116 1564 placent,

261 1571 317 1612 Et
343 1572 476 1613 clzimo
502 1587 638 1627 saepe.
688 1573 939 1613 salsamenta
964 1572 1079 1621 haec,
1107 1571 1350 1627 StephaniQ
1453 1581 1521 1616 380

260 1635 348 1676 Fac
372 1636 634 1676 mzicerentur
658 1635 841 1690 pulchre.
885 1634 967 1674 DE.
999 1634 1057 1675 Di
1083 1637 1264 1676 uostrzim
1290 1635 1429 1685 fidem,

260 1697 413 1738 Vtrum
439 1697 630 1738 studione
655 1697 697 1738 id
722 1697 801 1738 sibi
826 1697 952 1738 habet
977 1713 1028 1738 an
1053 1697 1169 1738 laudi
1193 1706 1313 1752 putat

261 1759 383 1808 Fore,
410 1761 445 1799 si
469 1759 696 1814 perdiderit
720 1760 920 1814 gnaitum?
946 1775 1025 1801 uae
1050 1759 1199 1801 misero
1225 1760 1344 1801 mihi!

261 1822 416 1863 Videre
442 1822 587 1862 uideor
611 1822 693 1862 izim
719 1822 828 1863 diem
858 1822 988 1871 illum,
1020 1837 1145 1876 quom
1175 1822 1271 1863 hinc
1301 1838 1429 1878 egens

259 1885 479 1940 Profugiet
504 1885 643 1938 aliquo
668 1885 902 1926 militatum.
958 1884 1028 1926 SY.
1067 1883 1107 1926 O
1133 1885 1310 1934 Demea,
1452 1893 1520 1928 385

261 1948 374 1988 Istuc
400 1955 461 1988 est
486 1963 644 2002 sapere,
670 1949 752 1989 non
779 1948 890 2001 quod
916 1955 1010 1989 ante
1036 1948 1163 2003 pedes
1187 1949 1350 1990 modost

260 2010 428 2059 Videre,
455 2011 529 2051 sed
554 2010 679 2052 etiam
704 2011 773 2051 illa
798 2025 904 2064 quae
930 2010 1072 2052 futura
1097 2018 1193 2052 sunt

260 2065 517 2127 Respicere.
588 2073 670 2114 DE.
719 2072 858 2126 Quid?
906 2073 1032 2114 istaec
1072 2073 1154 2114 iam
1190 2089 1317 2129 penes
1353 2090 1428 2116 uos

710 2135 943 2190 psziltriast?

96 2210 130 2234 35
149 2196 220 2238 ΞΥ.
257 2197 394 2237 Ellam
419 2198 544 2238 intus.
593 2196 674 2238 DE.
702 2197 809 2245 Eho,
835 2213 887 2238 an
908 2198 1058 2238 domist
1076 2198 1317 2239 habiturus?
1355 2198 1426 2241 SY.

98 2708 131 2734 40

709 2258 860 2308 Credo,
887 2268 931 2300 ut
957 2268 1017 2301 est

260 2321 496 2362 Dementia.
545 2321 625 2362 DE.
657 2322 821 2363 Haecin
846 2322 955 2362 sieri!
1007 2321 1077 2363 ΞΥ.
1108 2322 1258 2378 Inepta
1282 2323 1428 2364 lenitas
1451 2330 1519 2364 390

259 2384 396 2424 Patris
434 2385 473 2424 et
509 2383 684 2424 facilitas
721 2386 862 2438 prziua.
923 2384 1004 2425 DE.
1041 2385 1199 2426 Fratris
1235 2387 1300 2426 me
1337 2386 1428 2440 qui-

708 2446 801 2487 dem

260 2507 400 2548 Pudet
425 2507 633 2563 pigetque.
684 2507 753 2550 Sy.
786 2508 970 2549 Nimium
1000 2509 1107 2550 inter
1137 2524 1225 2559 uos,
1250 2510 1427 2560 Demea,

261 2570 372 2622 (Non
408 2572 506 2624 quia
542 2570 639 2612 ades
676 2586 872 2626 praesens
910 2572 1000 2613 dico
1042 2572 1137 2624 hoc)
1178 2573 1428 2628 pernimium

708 2636 889 2675 interest.

263 2696 344 2745 Tu,
371 2698 550 2751 quzintus
576 2696 784 2750 quantu's,
810 2697 866 2738 nil
893 2698 969 2738 nisi
996 2698 1197 2753 sapientia
1221 2714 1278 2748 es,

261 2757 337 2800 Ille
364 2759 583 2800 somnium.
635 2775 728 2800 num
755 2761 907 2802 sineres
934 2775 1032 2802 uero
1058 2761 1172 2803 illum
1198 2768 1312 2804 tuom
1450 2772 1517 2809 395
