1700 2984
250 163 332 205 202
788 170 993 206 HECYRA
1529 175 1559 219 1,
1575 174 1597 209 2

161 258 224 292 155
362 251 655 308 Superbumst.
700 251 773 294 sed
797 252 911 294 illam
932 254 1067 308 spero,
1093 253 1165 294 ubi
1191 252 1269 296 hoc
1289 255 1529 310 cognouerit
1547 268 1580 293 80

360 314 457 355 Non
480 315 600 369 posse
626 329 670 355 se
694 328 859 355 mecum
884 315 988 365 e'sse,
1015 315 1222 356 abituram
1247 315 1454 371 denique?

248 377 327 418 PH.
359 375 500 429 Quid?
536 377 695 418 interea
730 376 870 418 ibatne
907 376 960 418 ad
990 377 1270 419 Bacchidem?
1317 378 1395 421 ΡΑ.
1428 378 1529 422 Cot-

810 438 922 480 tidie.

361 499 448 544 Sed
472 501 517 542 i'it
541 501 599 551 fit,
625 508 846 556 postquam
872 500 982 542 hunc
1001 502 1182 543 alienum
1208 503 1260 544 ab
1286 505 1376 545 sese
1401 503 1529 554 uidet,

357 563 552 619 Maligna
575 564 706 604 multo
731 572 771 605 et
796 563 929 618 magis
955 579 1110 618 procax
1135 564 1245 606 facta
1268 565 1362 607 ilico
1387 575 1461 608 est.

157 630 223 665 160
247 626 326 668 ΡΗ.
356 626 452 668 Non
488 625 637 681 edepol
672 626 836 666 mirum.
905 626 983 666 ΡΑ.
1020 627 1164 680 Atque
1207 628 1257 668 ea
1299 643 1363 669 res
1400 628 1528 669 multo
1548 639 1581 665 85

810 689 1005 729 maxume

358 750 553 792 Diiunxit
576 750 693 791 illum
719 750 772 791 ab
796 750 880 799 illa,
906 758 1127 805 postquam
1152 759 1192 792 et
1216 752 1304 806 ipse
1330 767 1374 793 se

358 812 415 854 Et
438 813 552 854 illam
577 820 617 854 et
640 812 748 854 hanc
773 827 880 866 quae
905 812 1016 853 domi
1041 820 1128 854 erat
1153 815 1351 868 cognouit
1377 813 1488 854 satis.

362 874 451 930 [Ad
465 875 702 929 exemplum
718 875 936 915 ambarum
949 888 1083 916 mores
1098 889 1239 916 earum
1255 873 1528 931 existimans]

359 938 492 986 Haec,
517 937 575 977 ita
599 937 659 977 uti
685 936 845 978 liberali
871 951 960 978 esse
986 937 1153 991 ingenio
1179 937 1310 986 decet,

157 1004 222 1039 165
356 999 530 1041 Pudens
555 999 757 1048 modesta,
783 999 1050 1040 incommoda
1075 1008 1200 1053 atque
1224 999 1394 1042 iniurias
1546 1011 1581 1038 90

358 1062 450 1104 Viri
475 1062 608 1103 omnis
633 1061 741 1103 ferre
766 1069 807 1103 et
832 1063 973 1116 tegere
999 1062 1284 1103 contumelias.

357 1124 441 1166 Hic
465 1124 594 1164 animi
617 1124 767 1179 partim
793 1124 931 1164 uxoris
956 1124 1237 1165 misericordia

358 1186 610 1235 Deuinctus‚
636 1186 786 1241 partim
811 1188 947 1227 uictus
972 1185 1095 1227 huius
1120 1186 1279 1228 iniuriis

356 1249 568 1291 Paulatim
594 1249 778 1303 elapsust
802 1247 1005 1289 Bacchidi
1030 1256 1156 1302 atque
1180 1249 1262 1290 huc
1287 1248 1495 1291 transtulit

155 1316 221 1351 170
359 1312 572 1360 Amorem,
598 1319 819 1366 postquam
844 1312 919 1365 par
943 1311 1159 1366 ingenium
1183 1313 1330 1353 nactus
1355 1321 1430 1353 est.
1546 1323 1580 1350 95

357 1373 525 1415 Interea
548 1373 592 1413 in
618 1373 760 1414 Imbro
786 1373 958 1414 moritur
983 1374 1184 1428 cognatus
1210 1388 1337 1415 senex

357 1437 552 1477 Horunc:
585 1451 634 1477 ea
659 1435 712 1476 ad
736 1435 811 1476 hos
836 1435 998 1477 redibat
1022 1436 1115 1491 lege
1140 1435 1359 1477 hereditas.

358 1498 423 1540 Eo
449 1500 658 1540 amantem
684 1498 862 1539 inuitum
886 1497 1155 1553 Pamphilum
1182 1499 1364 1540 extrudit
1388 1507 1519 1554 pater.

357 1561 571 1614 Relinquit
597 1575 692 1601 curn
718 1568 849 1601 matre
874 1560 940 1601 hic
966 1575 1158 1609 uxorem3
1185 1563 1281 1601 nam
1307 1576 1435 1602 senex

155 1627 221 1661 175
357 1623 447 1665 Rus
472 1623 633 1664 abdidit
656 1638 712 1672 se,
739 1623 821 1663 huc
845 1624 937 1663 raro
963 1623 1006 1663 in
1031 1623 1176 1664 urbem
1202 1624 1417 1666 commeat.
1546 1636 1597 1663 100

243 1687 322 1727 PH.
355 1685 472 1738 Quid
498 1685 634 1726 adhuc
659 1685 815 1726 habent
838 1685 1091 1726 infirmitatis
1116 1685 1310 1740 nuptiae?

243 1749 322 1790 ΡΑ.
359 1749 484 1789 Nunc
510 1748 667 1789 audies.
715 1748 868 1802 primos
895 1747 982 1789 dies
1008 1748 1312 1802 complusculos

356 1811 472 1852 Bene
497 1810 748 1851 conuenz'bat
774 1812 873 1852 sane
897 1810 1004 1851 inter
1029 1825 1112 1851 eas.
1161 1810 1326 1852 interim

356 1873 479 1914 Miris
503 1873 636 1914 modis
661 1873 797 1914 odisse
822 1872 958 1927 coepit
984 1871 1234 1914 Sostratam:

154 1939 220 1973 180
355 1935 504 1989 Neque
529 1935 622 1977 lites
646 1936 756 1976 ullae
780 1935 886 1976 inter
912 1950 995 1984 eas,
1021 1935 1245 1990 postulatio
1545 1946 1595 1974 105

355 1998 611 2052 Numquam.
663 1998 741 2039 PH.
769 1996 885 2050 Quid
907 1997 1058 2052 igitur?
1104 1997 1181 2038 ΡΑ.
1209 1996 1256 2040 Si
1280 1997 1448 2051 quando
1473 1998 1527 2040 ad

805 2075 897 2101 eam
922 2061 1152 2101 accesserat

356 2121 700 2172 Confabulatum,
729 2122 876 2177 fugere
901 2137 923 2163 e
948 2130 1174 2177 conspectu
1198 2122 1305 2170 ilico,

355 2185 511 2226 Vide're
535 2185 664 2226 nolle:
691 2184 870 2238 denique
895 2184 968 2225 ubi
991 2199 1073 2225 non
1099 2185 1187 2238 quit
1211 2184 1310 2239 pati,

355 2246 535 2289 Simulat
571 2262 614 2289 se
645 2247 698 2288 ad
728 2255 902 2288 matrem
935 2247 1089 2303 accersi
1121 2247 1173 2288 ad
1208 2262 1295 2288 rem
1327 2247 1524 2298 diuinam,

805 2309 902 2351 abit.

151 2375 217 2410 185
354 2372 439 2414 Vbi
463 2372 548 2413 illic
573 2372 660 2413 dies
688 2379 750 2413 est
775 2371 1011 2426 compluris,
1038 2372 1194 2413 accersi
1218 2371 1352 2413 iubet:
1543 2383 1592 2409 110

351 2434 510 2476 Dixe're
535 2449 704 2476 causam
728 2434 867 2476 nescio
891 2448 1016 2488 quam
1043 2442 1145 2475 tum.
1194 2433 1342 2474 iterum
1367 2432 1502 2476 iubet:

352 2497 486 2538 Nemo
510 2496 678 2538 remisit.
727 2497 946 2551 postquam
973 2504 1189 2537 accersunt
1214 2495 1393 2550 saepius,

352 2559 540 2613 Aegram
565 2560 656 2600 esse
682 2559 877 2599 simulant
901 2558 1130 2600 mulierem.
1179 2566 1320 2599 nostra
1342 2558 1437 2598 ilico

352 2621 390 2662 It
414 2623 550 2662 uisere
576 2621 628 2662 ad
654 2636 763 2662 eam:
802 2621 967 2662 admisit
992 2635 1128 2662 nemo.
1178 2620 1257 2661 hoc
1280 2620 1352 2660 ubi
1378 2634 1503 2661 senex

149 2686 215 2721 190
351 2683 550 2733 Resciuit‚
577 2683 664 2725 heri
691 2699 738 2725 ea
764 2684 888 2725 causa
913 2698 1008 2724 rure
1034 2683 1115 2724 huc
1140 2682 1323 2732 aduenit,
1541 2694 1590 2719 115
