1700 2984
197 659 264 693 830

197 1221 264 1256 835

198 1726 264 1761 840

830 134 1034 170 HECYRA
1503 138 1547 182 v,
1565 139 1596 172 3.
1615 139 1638 172 4

403 215 485 257 Dic
515 216 598 257 mi.’
647 216 716 257 ille
748 216 848 256 alias
879 231 944 257 res
975 219 1099 271 agere
1132 232 1176 258 se
1202 217 1408 260 simulare.
1457 227 1570 273 post-

848 292 974 331 quam
997 278 1039 319 id
1063 279 1200 329 uideo,

401 339 554 381 Nescio
586 339 686 394 quid
723 340 984 395 suspicax-ier,
1020 341 1153 395 magis
1190 342 1307 396 coepi
1344 342 1494 384 instare
1525 350 1569 383 ut

855 403 974 444 dicat.

402 466 543 506 Homo
568 467 611 506 se
636 465 792 506 fatetur
815 465 858 506 ui
883 466 924 506 in
950 465 1019 506 uia
1044 467 1185 507 nescio
1211 481 1336 521 quam
1362 482 1570 523 compres-
1588 479 1620 504 ³0

854 543 968 576 SlsSe,

402 590 602 644 Dicitque
627 605 717 632 sese
742 591 799 631 illi
825 591 1009 638 anulum,
1038 591 1134 631 dum
1162 592 1302 640 hietat,
1329 592 1567 633 detraxisse.

402 653 511 694 Eum
543 653 646 694 haec
679 653 876 708 cognouit
901 653 1091 707 Myrrina
1122 654 1163 694 in
1196 654 1325 709 digito
1356 655 1479 695 modo
1503 670 1569 695 me

849 715 1041 756 habente.

400 778 537 833 Rogat
551 778 661 819 unde
677 778 746 819 sit:
767 793 888 818 narro
903 779 1042 819 omnia
1056 778 1175 820 haec:
1198 778 1292 820 inde
1307 781 1368 820 est
1389 780 1569 835 cognitio

849 841 973 890 facta,

399 903 691 944 Philumenam
729 905 1009 957 compressam
1046 918 1135 945 esse
1173 904 1226 944 ab
1270 919 1317 945 eo
1355 912 1394 946 et
1435 904 1569 946 filium

851 966 947 1006 inde
974 965 1085 1006 hunc
1110 968 1266 1006 natum.

400 1029 519 1069 Haec
543 1029 603 1069 tot
628 1036 795 1083 propter
819 1043 885 1069 me
912 1028 1065 1083 gaudia
1090 1028 1147 1068 illi
1174 1029 1396 1084 contigisse
1420 1029 1568 1070 laetor:
1588 1040 1621 1066 35

400 1090 492 1131 Etsi
517 1090 595 1131 hoc
619 1091 855 1132 meretrices
881 1091 986 1131 aliae
1012 1091 1178 1140 nolunt3
1209 1092 1344 1145 neque
1376 1092 1484 1132 enim
1510 1099 1569 1132 est

849 1153 892 1193 in
917 1168 1004 1194 rem
1030 1155 1227 1203 nostram,

401 1216 459 1257 Vt
472 1216 691 1269 quisquam
708 1223 867 1255 amator
881 1215 1035 1270 nuptiis
1049 1216 1234 1257 laetetur.
1251 1231 1396 1257 uerum
1409 1218 1570 1257 ecastor

400 1277 641 1331 Numquam
671 1277 855 1318 animum
888 1278 1049 1331 quaesti
1080 1278 1214 1333 gratia
1244 1278 1297 1318 ad
1332 1278 1460 1319 malas
1498 1279 1570 1319 ad-

852 1339 1002 1381 ducam
1029 1340 1168 1394 partis.

401 1402 493 1458 Ego
520 1403 618 1443 dum
643 1403 711 1444 illo
737 1402 935 1443 licitumst
959 1404 1034 1443 usa
1053 1418 1144 1443 sum
1166 1403 1347 1458 benigno
1372 1411 1412 1444 et
1431 1403 1569 1458 lepido

852 1473 891 1506 et.
917 1465 1035 1506 comi.

400 1528 669 1568 Incommode
694 1527 795 1567 mihi
820 1527 972 1582 nuptiis
1000 1528 1151 1578 eue'nit,
1178 1528 1334 1569 factum
1361 1529 1511 1569 fateor:
1588 1542 1622 1566 40

401 1591 460 1631 At
486 1590 552 1645 pol
576 1605 642 1631 me
674 1590 822 1631 fecisse
851 1590 1041 1640 arbitror,
1073 1606 1124 1632 ne
1154 1591 1196 1631 id
1221 1591 1367 1631 me'rito
1393 1591 1448 1631 mi
1475 1606 1570 1632 eue—

851 1654 968 1694 niret.

402 1716 541 1756 Multa
565 1717 616 1756 ex
641 1729 724 1769 quo
749 1715 902 1757 fuerint
927 1715 1156 1765 commoda,
1189 1715 1276 1757 eius
1308 1716 1571 1758 incommoda

852 1786 1069 1831 aequomst
1094 1778 1214 1819 ferre.

425 1904 751 1946 PAMPHILVS
837 1904 1106 1946 PARMENO
1194 1904 1441 1945 BAocHIS

458 1976 711 2003 ADVLESCEN:5
893 1975 1039 2002 suavos
1209 1976 1406 2000 MERETRIX

289 2032 395 2072 PAM.
422 2030 544 2079 Vide,
565 2029 621 2070 mi
641 2029 863 2077 Parmeno,
889 2029 1014 2069 etiam
1036 2029 1171 2077 sodes,
1196 2029 1241 2068 ut
1261 2028 1316 2068 mi
1336 2029 1438 2070 haec
1459 2037 1570 2071 certa
1582 2042 1638 2073 v,4

852 2098 892 2132 et
917 2091 1028 2132 clara
1053 2091 1251 2137 attuleris,

402 2155 466 2195 Ne
492 2169 557 2195 me
583 2154 623 2194 in
644 2154 770 2195 breue
791 2154 984 2194 conlicias
1006 2162 1169 2208 teinpus
1190 2153 1341 2208 gaudio
1369 2152 1446 2194 hoc
1465 2153 1568 2195 falso

851 2215 945 2257 frui.

289 2280 391 2320 PAR.
418 2281 618 2323 Visumst.
656 2278 762 2319 ΡΑΜ.
792 2277 971 2319 Certen?
1007 2278 1107 2319 PAR.
1137 2277 1274 2319 Certe.
1317 2278 1424 2319 PAM.
1451 2278 1569 2320 Deus

850 2356 955 2390 suin,
983 2342 1015 2381 si
1041 2341 1117 2382 hoc
1138 2341 1247 2382 itast.
1283 2341 1384 2382 PAR.
1412 2341 1570 2384 Verum

851 2403 1044 2458 reperies.

289 2468 393 2508 ΡΑΜ.
420 2467 549 2508 Mane
576 2467 675 2508 dum
701 2465 840 2507 sodes:
873 2468 997 2506 timeo
1028 2481 1079 2507 ne
1111 2465 1223 2507 aliud
1255 2465 1420 2507 credam
1446 2473 1570 2520 atque

850 2529 962 2569 aliud
987 2529 1163 2569 nunties.

198 2597 264 2630 845
288 2593 391 2633 PAR.
418 2593 586 2633 Maneo.
628 2592 734 2633 PAM.
765 2591 835 2633 Sic
861 2600 900 2632 te
926 2592 1019 2632 dixe
1042 2591 1199 2646 opinor,
1224 2591 1431 2633 inuenisse
1450 2591 1569 2646 Myr-
1604 2602 1621 2628 5

852 2655 984 2695 rinam
