1700 2984
137 167 182 211 V,
199 168 221 202 8
700 164 970 202 EVNVCHVS
1399 155 1479 197 145

250 297 515 340 CHAEREA
571 296 838 339 PARMENO
899 296 1131 339 GNATHO
1191 297 1414 338 THRAso

254 373 508 401 Anvfflsonns
628 373 777 399 smzvos
913 372 1125 400 PARAsrrvs
1244 373 1360 399 mnes

137 431 282 475 men.
316 419 356 474 O
381 433 615 487 populares,
642 432 784 485 ecquis
809 446 874 473 me
898 431 1019 473 hodie
1044 432 1150 473 uiuit
1174 431 1445 472 fortunatior?

315 494 450 536 Nemo
486 493 623 535 hercle
660 493 898 547 quisquam3
942 509 1038 535 nam
1080 495 1124 534 in
1160 509 1225 536 me
1261 494 1383 549 plane
1419 493 1461 534 di

767 558 1014 611 potestatem
1040 572 1157 597 suam

317 619 498 661 Omnem
525 618 754 668 ostendere,
780 620 879 672 quoi
902 626 986 660 tam
1012 619 1149 660 subito
1174 619 1232 660 tot
1257 633 1460 673 congrue-

763 682 845 721 rint
870 681 1100 722 commoda.

205 745 282 785 ΡΑ.
315 744 430 796 Quid
454 743 519 784 hic
538 743 670 785 laetus
689 743 774 784 est?
817 741 895 784 Cn.
922 741 963 783 O
984 743 1191 784 Parmeno
1210 743 1281 792 mi,
1307 758 1331 784 o
1350 745 1461 785 mea-

766 820 859 845 rum
883 806 1146 860 uoluptatum
1171 805 1353 847 omnium

172 880 188 904 5
316 868 518 909 Inuentor
552 867 736 922 inceptor
771 866 988 921 perfector,
1026 869 1105 908 scis
1142 882 1207 909 me
1238 867 1279 908 in
1311 867 1462 921 quibus
1487 872 1576 906 1035

770 929 848 970 sim
873 929 1063 984 gandiis‘?

319 992 410 1035 Scis
424 993 689 1047 Pamphilam
709 1007 844 1033 meam
865 992 1076 1032 inue'ntam
1093 993 1251 1034 ciuem?
1281 993 1357 1033 PA.
1373 994 1463 1033 Au-

769 1054 868 1095 diui.
907 1052 984 1095 CH.
1012 1053 1105 1096 Scis
1125 1057 1319 1110 sponsam
1339 1055 1464 1095 mihi?

206 1118 282 1158 PA.
315 1118 444 1166 Bene,
469 1119 526 1158 ita
551 1132 615 1159 me
641 1117 682 1158 di
708 1124 861 1165 ament,
888 1116 1058 1157 factum.
1116 1116 1197 1158 GN.
1236 1118 1379 1158 Audin
1404 1126 1463 1167 tu,

768 1179 834 1219 hic
853 1179 953 1232 quid
972 1180 1052 1219 a'it?
1086 1177 1164 1220 Cn.
1191 1179 1303 1220 Tum
1325 1187 1463 1220 autem

770 1240 1004 1281 Phaedriae

319 1305 420 1346 Meo
445 1304 561 1345 fratri
585 1303 750 1359 gaudeo
776 1305 865 1344 esse
892 1317 1074 1344 amorem
1099 1318 1264 1345 omnem
1288 1305 1330 1345 in
1355 1311 1466 1345 tran·

769 1366 915 1419 quillo:
942 1368 1064 1406 unast
1089 1366 1255 1415 domus;

319 1428 448 1470 Thais
485 1429 592 1485 patri
630 1445 673 1471 se
710 1428 1036 1478 commendauit,
1079 1430 1120 1470 in
1158 1429 1389 1471 clientelam
1425 1431 1465 1470 et

770 1492 894 1532 fidem

157 1568 189 1592 10
319 1555 451 1596 Nobis
478 1555 590 1596 dedit
616 1570 671 1596 se.
720 1555 795 1595 ΡΑ.
828 1554 986 1595 Fratris
1012 1554 1138 1609 igitur
1162 1554 1292 1596 Thais
1317 1556 1465 1596 totast‘?
1491 1558 1578 1593 1040

771 1615 849 1657 CH.
884 1616 1064 1658 Scilicet.

207 1680 282 1721 ΡΑ.
314 1680 406 1721 Iam
431 1679 508 1721 hoc
532 1680 645 1721 aliud
671 1686 731 1720 est
756 1679 868 1732 quod
893 1679 1170 1733 gaudeamus:
1196 1680 1314 1721 miles
1340 1680 1466 1735 pelle—

769 1743 836 1782 tur
860 1742 983 1783 foras.

209 1804 286 1846 Cn.
317 1805 384 1845 Tu
399 1805 524 1846 frater
535 1805 607 1846 ubi
621 1805 692 1846 ubi
707 1813 768 1845 est
782 1804 848 1845 fac
863 1819 987 1858 quam
1003 1804 1180 1859 primum
1196 1805 1298 1846 haec
1313 1804 1465 1846 audiat.

768 1867 844 1908 PA.
877 1867 1022 1909 Visam
1047 1867 1229 1908 domum.
1256 1891 1310 1896 —-

206 1930 284 1970 ΤΗ.
316 1930 429 1970 Num
467 1929 578 1983 quid,
617 1928 800 1978 Gnatho,
839 1939 884 1970 tu
921 1929 1084 1970 dubitas
1115 1930 1215 1983 quin
1246 1944 1324 1985 ego
1355 1930 1466 1970 m'mc

771 2000 972 2047 perpetuo
997 1991 1214 2046 perierim?

210 2053 290 2095 GN.
320 2053 420 2096 Sine
446 2055 572 2096 dubio
599 2055 756 2109 opinor.
801 2053 878 2095 CH.
912 2053 1025 2106 Quid
1046 2068 1364 2096 commemorem
1384 2055 1467 2110 pr1'-

769 2132 883 2157 mum
910 2125 981 2157 aut
1005 2117 1172 2158 laudem
1196 2118 1416 2158 maxume?

158 2191 190 2217 15
321 2180 499 2221 Illumne
524 2180 595 2234 qui
619 2179 719 2220 mihi
746 2179 858 2220 de'dit
884 2179 1102 2220 consilium
1127 2186 1172 2221 ut
1193 2180 1387 2229 facerem,
1413 2195 1465 2221 an
1491 2189 1579 2223 1045

771 2257 836 2283 me
863 2242 932 2296 qui
958 2242 998 2282 id
1025 2242 1150 2282 ausus
1176 2242 1252 2283 sim

320 2305 522 2360 Incipere,
556 2320 610 2345 an
640 2304 849 2346 fortunam
882 2304 1140 2352 conlaudem,
1175 2306 1281 2358 quae'
1314 2305 1467 2360 guber-

769 2368 904 2408 natrix
930 2367 1020 2415 fuit,

324 2428 445 2481 Quae
471 2430 528 2470 tot
551 2445 616 2470 res
642 2437 776 2471 tantas
803 2438 886 2470 tam
906 2430 1135 2483 opportune
1155 2429 1197 2470 in
1215 2429 1345 2470 {mum
1370 2444 1468 2471 con-

771 2493 890 2533 clusit
918 2491 1040 2539 diem,

325 2555 396 2594 An
420 2555 501 2595 mei
525 2554 651 2609 patris
678 2555 944 2595 festiuitatem
971 2561 1009 2595 et
1034 2553 1299 2595 facilitatem?
1324 2569 1348 2595 o
1368 2555 1467 2610 Iup-

768 2617 887 2671 piter,

326 2678 460 2720 Serua
484 2679 654 2719 obsecro
680 2679 781 2720 haec
807 2679 916 2720 bona
940 2678 1077 2719 nobis!

286 2745 437 2771 Terentius.
1219 2746 1263 2780 10
