1726 2984
162 177 210 222 11,
229 178 247 213 1

231 257 309 300 Cn.

178 642 210 668 15

227 878 303 922 CH.

225 1004 303 1045 PA.

174 1203 207 1227 20
225 1190 302 1231 ΡΑ.

226 1690 304 1732 ΒΥ.

175 1826 208 1852 25

176 2451 208 2476 30

769 176 967 213 ANDRIA
1452 164 1476 205 2
1483 165 1503 204 1

341 260 468 301 Hunc
506 259 644 314 ipsum
685 257 831 305 orabo,
872 257 970 299 huic
1010 256 1274 313 supplicabo,
1322 255 1504 297 amorem

788 319 884 360 huic
907 320 1084 361 narrabo
1109 334 1268 361 meum:

341 381 479 425 Credo
499 381 745 438 impetrabo,
770 389 817 422 ut
834 382 1003 436 aliquod
1022 382 1168 424 saltem
1187 380 1340 437 nuptiis
1359 379 1506 436 prodat

789 444 894 486 dies:

338 507 503 548 Interea
537 506 608 548 fiet
637 505 812 560 aliquid,
845 520 979 561 spero.
1027 506 1105 546 Bv.
1142 505 1194 546 Id
1225 504 1416 558 ‘aliquid'
1449 504 1507 545 nil

788 576 862 609 est.
912 567 990 609 CH.
1017 567 1179 622 Byrria,

339 629 454 683 Quid
478 630 553 672 tibi
577 630 767 672 uidetur?
796 630 930 671 adeon
957 630 1010 671 ad
1034 630 1155 671 eum?
1191 630 1267 671 By.
1301 628 1416 682 Quid
1440 628 1507 669 ni?
1530 635 1597 670 315

787 693 821 734 si
845 693 902 733 nil
926 695 1136 748 impetres,

339 756 397 798 Vt
421 762 462 797 te
486 755 708 797 arbitretur
733 755 810 796 sibi
841 763 1032 811 paratum
1062 753 1297 804 moechum,
1329 753 1363 795 si
1392 753 1507 795 illam

355 867 363 879 '
789 817 965 859 duxerit..

336 879 452 921 Abin
481 879 577 922 hinc
611 880 655 921 in
685 880 837 920 malam
872 895 960 921 rem
996 893 1090 922 cum
1121 878 1354 935 suspicione
1389 878 1506 928 istae,

788 942 946 984 scelus?

336 1003 567 1066 Charinum
592 1004 728 1046 uideo.
760 1005 888 1046 salue.
932 1003 1010 1046 Cn.
1043 1002 1084 1046 O
1110 1004 1240 1053 salue,
1267 1003 1506 1058 Pamphile:

338 1067 410 1107 Ad
435 1074 474 1108 te
499 1066 676 1108 aduenio
708 1066 825 1122 spem
854 1067 1031 1108 salutem
1060 1067 1260 1108 auxilium
1291 1067 1508 1108 consilium

788 1130 1001 1184 expetens.

335 1190 483 1245 Neque
507 1192 576 1246 pol
597 1192 742 1233 consili
766 1192 904 1233 locum
923 1192 1056 1234 habeo
1080 1191 1215 1245 neque
1235 1191 1288 1232 ad
1308 1192 1507 1233 auxilium
1533 1200 1600 1233 320

789 1254 963 1309 copiam.

338 1314 425 1357 sed
449 1316 556 1358 istuc
580 1316 680 1370 quid
704 1316 866 1358 namst‘?
906 1315 984 1357 Cn.
1010 1316 1150 1358 Hodie
1175 1330 1348 1358 uxorem
1369 1316 1509 1357 ducis?

786 1379 862 1420 PA.
896 1379 1042 1420 Aiunt.
1080 1377 1158 1420 Cn.
1189 1379 1425 1434 Pamphile,

340 1438 387 1482 Si
410 1440 454 1481 id
472 1441 589 1490 facis,
614 1441 737 1482 hodie
756 1449 1011 1496 postremum
1030 1441 1096 1482 me
1116 1441 1246 1482 uides.
1283 1441 1360 1483 ΡΑ.
1393 1441 1510 1495 Quid

786 1503 869 1544 ita?
907 1502 985 1545 CH.
1019 1502 1071 1544 Ei
1097 1503 1210 1552 mihi,

338 1565 497 1608 Ve'reor
521 1565 675 1607 dicere:
707 1565 804 1607 huic
829 1566 894 1606 dio
914 1580 1080 1620 quaeso,
1107 1566 1268 1621 Byrria.
1306 1566 1382 1607 By.
1414 1564 1509 1621 Ego

788 1628 935 1670 dicam.
984 1628 1062 1669 ΡΑ.
1096 1627 1212 1680 Quid
1237 1629 1323 1670 est?

337 1689 544 1745 Sponsam
565 1689 632 1732 hio
651 1697 764 1731 tuam
780 1698 904 1732 amat.
929 1690 1007 1732 PA.
1034 1691 1098 1731 Ne
1118 1691 1194 1732 iste
1213 1691 1325 1731 haud
1344 1706 1508 1733 mecum

789 1753 924 1794 sentit.
963 1753 1041 1794 eho
1067 1753 1166 1793 dum
1192 1753 1257 1795 dio
1281 1753 1401 1794 mihi:

337 1815 449 1856 Nl'im
463 1814 565 1869 quid
582 1830 677 1856 nam
699 1816 876 1870 ainplil'is
897 1816 971 1856 tibi
992 1831 1085 1857 cum
1106 1816 1177 1856 illa
1195 1815 1286 1865 fuit,
1303 1815 1510 1858 Charine?
1534 1819 1601 1854 325

792 1877 869 1919 CH.
901 1877 986 1927 Ah,
1011 1878 1245 1933 Pamphile,

338 1939 419 1981 Nil.
457 1939 535 1981 ΡΑ.
569 1939 710 1992 Quam
735 1940 906 1981 uellem!
951 1939 1028 1983 CH.
1060 1941 1184 1982 Nunc
1208 1948 1247 1982 te
1272 1956 1345 1996 per
1370 1941 1511 1983 amici-

788 2003 888 2044 tiam
914 2010 954 2045 et
978 2018 1052 2058 per
1076 2018 1259 2045 amorem
1285 2004 1470 2053 obsecro,

337 2064 551 2121 Principio
570 2073 614 2106 ut
634 2080 686 2107 ne
701 2065 840 2108 ducas.
866 2066 945 2106 ΡΑ.
970 2065 1096 2106 Dabo
1115 2066 1307 2120 equidem
1327 2067 1508 2121 operam.

790 2127 868 2170 Cn.
902 2128 988 2170 Sed
1013 2128 1047 2169 si
1070 2129 1112 2169 id
1137 2129 1221 2170 non
1245 2137 1381 2184 potest

340 2190 428 2231 Aut
453 2190 528 2231 tibi
552 2190 722 2245 nuptiae
747 2190 846 2231 haee
870 2199 965 2231 sunt
985 2191 1112 2239 cordi,
1138 2191 1216 2232 ΡΑ.
1244 2190 1398 2232 Cordi?
1430 2190 1508 2234 CH.

789 2254 935 2294 saltem
962 2253 1131 2307 aliquod
1155 2253 1242 2295 dies

337 2315 500 2365 Profer,
538 2316 638 2357 dum
667 2316 906 2371 proficiscor
936 2316 1089 2370 aliquo,
1121 2316 1172 2357 ne
1203 2316 1382 2358 uideam.
1429 2315 1507 2359 PA.

356 2428 363 2437 ν
777 2378 893 2419 Audi
918 2379 1130 2420 nunciam:

338 2439 453 2494 Ego,
492 2438 693 2490 Charine,
731 2456 783 2482 ne
819 2441 1008 2494 utiquam
1045 2441 1229 2482 officium
1265 2441 1384 2483 liberi
1420 2456 1509 2484 esse
1533 2453 1600 2489 330

788 2504 965 2544 hominis
990 2512 1104 2559 puto,

340 2563 480 2616 Quom
506 2565 539 2605 is
570 2565 626 2606 nil
657 2574 826 2613 mereat,
858 2566 1066 2620 postulare
1096 2566 1138 2607 id
1167 2566 1325 2622 gratiae
1356 2566 1509 2622 adponi

788 2628 877 2669 sibi.

342 2689 518 2744 Nuptias
545 2689 729 2745 effugere
754 2705 832 2746 ego
857 2691 956 2732 istas
975 2690 1084 2732 malo
1104 2706 1230 2746 quam
1251 2699 1295 2734 tu
1320 2692 1507 2748 apiscier.
