1726 2984
315 125 372 169 42
855 134 1053 170 ANDRIA
1436 136 1503 181 IV,
1518 137 1551 173 5.
1576 136 1624 182 v,
1640 137 1661 172 1

431 216 540 258 Litis
566 215 697 269 sequi,
723 229 848 269 quam
873 214 915 255 id
942 214 1041 256 mihi
1066 214 1118 256 sit
1142 215 1264 258 facile
1288 222 1413 269 atque
1437 217 1550 266 utile,

430 278 624 321 Aliorum
651 277 843 332 exempla
869 278 1145 319 commonent.
1172 278 1295 319 simul
1319 278 1510 328 arbitror,

430 341 522 383 Iam
546 340 727 394 aliquem
752 341 842 381 esse
868 339 1047 381 amicum
1073 348 1113 382 et
1133 340 1394 381 defensorem
1420 340 1474 390 εἰς
1499 342 1597 383 nam

878 401 966 443 fere

430 463 690 507 Grandicula
713 464 796 505 iam
820 464 1046 519 profectast
1068 464 1198 506 illino:
1230 464 1441 507 clamitent

225 532 293 566 815
429 527 505 569 Me
529 527 845 582 sycophantam,
870 526 1144 567 hereditatem
1168 527 1362 581 persequi
1460 562 1462 564 ,
1615 540 1648 565 20

429 590 686 631 Mendicum.
719 597 807 630 tum
832 588 966 643 ipsam
991 588 1222 643 despoliare
1247 590 1331 630 non
1354 589 1483 630 lubet.

316 652 406 693 MY.
434 649 474 692 O
501 653 670 706 optume
696 650 865 706 hospes!
897 650 980 706 pol,
1008 648 1138 699 Crito,
1164 650 1380 705 antiquom
1405 651 1580 693 obtines.

319 712 394 756 CR.
426 713 525 755 Duc
554 729 621 755 me
651 713 704 754 ad
741 727 847 762 eam,
884 712 1051 766 quando
1081 711 1164 753 huc
1194 712 1304 762 ueni,
1341 721 1385 754 ut
1415 713 1597 755 uideam.

881 775 970 815 My.
1001 775 1218 815 Maxume.

318 838 401 880 DA.
434 837 599 892 Sequar
616 836 711 879 hos:
736 852 803 879 me
822 836 918 878 nolo
935 837 978 878 in
995 838 1181 892 tempore
1200 836 1280 879 hoe
1297 836 1438 879 uideat
1456 852 1595 880 senex.

826 989 1100 996 ——-

784 1142 1028 1194 ACTVS
1066 1142 1132 1194 V.

714 1242 978 1286 CHREMES
1060 1242 1198 1286 S1Mo

780 1320 900 1347 SENES
1098 1321 1129 1346 11

229 1406 296 1442 820
321 1397 399 1440 Cn.
433 1397 545 1440 Satis
569 1396 652 1438 iam
678 1396 791 1445 satis,
819 1395 950 1444 Simo,
976 1402 1162 1451 spectata
1187 1398 1287 1451 erga
1310 1404 1351 1438 te
1383 1396 1600 1440 amicitiast
1613 1411 1668 1443 v,1

882 1472 993 1507 mea3

434 1521 545 1564 Satis
570 1520 713 1576 pericli
736 1520 872 1574 incepi
897 1520 1030 1561 adire:
1063 1519 1208 1560 orandi
1233 1520 1315 1561 iam
1339 1521 1465 1562 finem
1490 1521 1595 1565 face.

432 1584 547 1625 Dum
590 1583 737 1625 studeo
780 1583 955 1636 obsequi
996 1583 1090 1631 tibi,
1133 1597 1267 1637 paene
1308 1583 1433 1624 inh'isi
1472 1585 1601 1627 uitam

880 1645 1005 1686 filiae.

322 1708 381 1752 SI.
430 1696 564 1750 immo
596 1707 706 1749 enim
737 1722 848 1748 nuno
878 1721 1002 1761 quom
1033 1709 1229 1748 maxume
1261 1707 1336 1749 abs
1366 1716 1406 1749 te
1436 1709 1602 1763 postulo

452 1819 459 1830 1
883 1777 1006 1823 atque
1032 1771 1117 1819 oro,
1146 1768 1359 1819 Chremes,

430 1832 490 1874 Vt
504 1832 753 1874 beneficium
777 1831 918 1873 uerbis
942 1831 1090 1873 initum
1110 1832 1268 1873 dudum
1293 1847 1403 1874 nune
1423 1847 1466 1874 re
1489 1834 1601 1876 oom-
1635 1846 1652 1874 5

884 1894 1048 1948 probes.

227 1965 296 2002 825
320 1956 398 1999 CH.
430 1957 539 1999 Vide
558 1971 684 2011 quarn
703 1955 866 2010 iniquos
888 1958 941 1997 sis
962 1971 1062 2011 prae
1084 1956 1239 1997 studio:
1262 1956 1360 1997 dum
1380 1956 1422 1997 id
1442 1957 1598 1999 efficias

880 2019 994 2072 quod
1019 2020 1149 2074 cupis,

429 2081 580 2135 Neque
609 2081 780 2122 modum
811 2080 1080 2135 benignitatis
1112 2083 1247 2135 neque
1279 2081 1380 2135 quid
1410 2097 1475 2123 me
1507 2097 1598 2124 ores

880 2143 1058 2198 cogitas3

429 2206 539 2247 Nam
564 2206 598 2247 si
624 2205 795 2260 cogites,
821 2205 1006 2247 remittas
1032 2206 1114 2246 iam
1139 2220 1205 2246 me
1230 2220 1401 2247 onerare
1426 2205 1597 2248 iniuriis.

318 2268 378 2312 Sr.
427 2267 619 2321 Quibus?
651 2266 728 2309 Cn.
755 2268 815 2308 At
834 2268 1015 2322 rogitas?
1040 2268 1257 2323 perpulisti
1278 2283 1356 2316 me,
1376 2269 1420 2309 1'1t
1441 2267 1598 2310 homini

439 2381 446 2392 ‚
878 2330 1190 2372 adulescentulo

428 2393 480 2434 In
507 2393 586 2434 alio
612 2394 814 2447 occupato
841 2407 993 2441 amore,
1020 2392 1258 2435 abhorrenti
1290 2392 1342 2434 ab
1367 2408 1412 2434 re
1437 2393 1595 2442 uxoria,
1616 2406 1648 2431 10

224 2465 292 2500 830
427 2455 579 2496 Filiam
610 2463 656 2496 ut
681 2454 823 2496 darem
848 2456 891 2495 in
923 2455 1167 2496 seditionem
1191 2457 1317 2509 atque
1346 2454 1390 2496 in
1419 2454 1596 2496 incertas

876 2517 1056 2571 nuptias,

427 2578 530 2620 Eius
556 2579 698 2621 labore
724 2587 847 2632 atque
875 2581 962 2619 eius
983 2579 1123 2620 dolore
1149 2581 1274 2635 gnato
1301 2587 1344 2620 ut
1366 2578 1595 2620 medicarer

873 2651 955 2682 tUO.
