1664 2984
143 194 158 223 ί
708 195 932 224 vniam-Ario

107 272 185 304 tota
221 268 298 304 fere
337 268 533 314 antiquitas
571 269 810 315 praedicaret,
836 271 937 303 catus
965 271 1002 302 et
1026 270 1165 304 mature
1185 280 1295 304 manu
1307 268 1444 312 anissus
1465 268 1535 304 est'

107 316 196 350 item
219 314 346 349 eodem
367 318 559 359 utrumque
578 326 671 349 anno
687 320 810 348 natum
835 313 922 356 (Vit.
941 314 1051 356 Ten).
1086 325 1167 348 cum
1183 315 1256 349 iam
1272 315 1310 348 in
1328 315 1402 350 eius
1419 315 1536 358 domo,

109 371 189 395 esse
205 361 439 394 statuerunt4.
472 371 539 394 nec
555 371 639 395 vero
656 360 739 394 ideo
756 372 809 393 ae-

108 407 227 451 quales
242 405 323 439 illos
339 405 450 439 fuisse
472 405 631 449 itemque
647 405 810 439 Laelium

108 450 234 497 negari
251 453 387 495 potest,
403 454 444 484 ut
460 462 529 484 non
545 451 598 484 ita
614 451 734 484 multis
751 461 811 484 an-

108 496 165 530 nis
184 498 268 530 ante
287 494 492 541 Scipionem
512 495 668 538 (circiter
687 508 718 529 a.
735 495 812 538 5ss4)

109 540 321 576 Terentium
359 544 483 575 natum
525 551 603 575 esse
649 540 813 575 conicere

109 586 227 621 liceat.

157 632 360 674 Carthayz'ne
381 641 463 666 eum
479 634 603 665 natum
622 643 698 665 csse
717 631 813 676 apud

110 675 320 712 Suetonium
348 675 516 721 legimus,
549 677 633 710 inde
663 676 811 710 Romam

110 732 192 756 eum
213 721 251 754 in
274 721 482 755 servitutem
503 722 653 756 Terenti
675 722 811 756 Lucani

109 766 284 802 senatoris
300 766 451 800 venisse.
500 777 567 801 nee
588 771 708 801 tamen
734 778 813 801 eum

109 812 206 847 bello
236 815 382 856 captum
410 821 488 845 esse
516 812 675 857 potuisse
704 812 815 846 ‘inter

110 857 218 892 finem
226 856 373 890 secundi
382 856 511 890 Punici
526 857 610 890 belli
625 860 661 891 et
672 857 813 891 initium

108 902 224 936 tertii'
246 902 318 935 iam
335 901 542 936 Fenestella
564 906 661 936 recte
679 903 815 936 monuit

111 947 199 988 (Vit.
217 946 333 990 Ten),
360 947 478 992 magis
508 948 552 981 de
576 948 689 981 altero
713 947 814 981 dubi-

109 993 260 1026 tandum
284 996 349 1034 est,
373 992 468 1036 quod
490 992 586 1026 idem
611 992 699 1026 (licit
715 993 814 1026 illum

109 1038 167 1072 vel
195 1038 226 1071 si
253 1048 275 1071 a
296 1036 463 1071 Numidis
485 1041 548 1070 aut
571 1036 737 1071 Gaetulis
760 1041 815 1079 (ex

111 1082 465 1128 Carthaginiensium
503 1082 649 1125 finibus)
689 1088 816 1127 captus

112 1132 221 1172 esset,
262 1138 333 1160 non
363 1127 523 1172 potuisse
555 1128 603 1161 ad
636 1128 815 1161 dominum

111 1174 313 1207 Romanum
347 1172 536 1217 pervenire
573 1173 688 1207 ‘nullo
723 1184 815 1207 com-

110 1218 244 1253 mercio
266 1218 360 1251 inter
381 1217 529 1251 ltalicos
557 1222 594 1252 et
615 1218 725 1252 Afros
748 1219 814 1252 nisi

111 1268 194 1310 post
217 1263 372 1297 deletam
391 1261 649 1308 Carthaginem
673 1265 815 1308 coepto'

113 1313 157 1351 (v.
173 1309 297 1353 Bergk
310 1308 347 1341 in
361 1308 455 1342 Phil.
469 1309 563 1342 XVI
580 1309 670 1352 628).
710 1309 817 1342 aliam

113 1354 375 1388 dubitationem
387 1354 491 1387 Aem.
507 1354 692 1388 Baehrens
707 1354 819 1388 movit

113 1400 170 1443 (N.
195 1398 324 1434 Jahrb.
349 1398 373 1432 f.
398 1399 467 1432 Ph.
490 1399 577 1433 1881
600 1411 635 1444 p.
660 1400 726 1433 401
750 1401 816 1444 sq.)

111 1445 197 1488 Afri
222 1444 434 1490 cognomine
463 1445 572 1478 aliam
600 1448 709 1489 atque
734 1443 817 1478 Car—

113 1490 300 1536 thaginem
332 1489 487 1534 patriam
520 1489 671 1524 Terenti
708 1490 736 1523 si
768 1490 817 1523 ni—

113 1535 214 1570 ficari
239 1535 378 1578 dieens;
402 1546 599 1579 numquam
622 1535 716 1569 enim
754 1536 817 1569 'ar-

112 1581 361 1626 thaginienses
388 1580 451 1614 illo
480 1580 622 1614 nomine
642 1581 817 1625 appellari

114 1627 228 1661 solere
237 1627 262 1659 5.
306 1625 403 1670 quod
426 1637 506 1659 cum
527 1629 625 1659 recte
642 1626 819 1660 monuerit

114 1693 159 1697 —
180 1681 297 1716 neque
320 1670 415 1704 enim
436 1670 599 1704 Poenulo
622 1682 819 1716 cognomen

114 1720 244 1763 poetae
269 1719 324 1750 est
344 1736 406 1760 ——,
428 1716 520 1750 Afer
542 1715 687 1750 natione
709 1716 819 1750 fuisse

115 1763 274 1805 videtur,
307 1761 353 1795 ab
382 1773 452 1795 uno
478 1761 650 1795 Afrorum
678 1761 820 1796 illorum

115 1808 305 1850 oriundus,
334 1807 395 1850 qui
418 1807 589 1851 permulti
611 1807 687 1841 sine
711 1807 820 1841 dubio

117 1852 340 1898 Carthagine
378 1852 417 1885 in
456 1852 602 1886 servitio
637 1852 817 1886 vivebant.

116 1899 201 1932 inde
230 1897 400 1943 puerulus
428 1908 690 1942 perpaucorum
712 1909 819 1932 anno-

116 1944 218 1978 rum6
240 1942 452 1977 commercio
480 1953 543 1977 seu
566 1943 658 1977 dono
681 1943 728 1977 ad
750 1943 819 1977 Te-

116 1989 272 2024 rentium
311 1991 513 2022 senatorem
550 1987 703 2022 Romam
741 2000 820 2033 per-

119 2035 248 2069 ductus
266 2037 330 2068 cst.

163 2082 198 2114 A
211 2079 382 2113 Terentio
395 2079 544 2113 Lucano
563 2079 624 2113 ‘ob
637 2078 821 2124 ingenium

119 2130 156 2160 et
168 2124 326 2170 corporis
339 2124 512 2158 formam⁷
524 2124 724 2159 liberaliter
738 2125 820 2159 edu-

152 2220 169 2243 4
187 2219 355 2249 Scipionem
374 2224 452 2242 anno
469 2217 528 2248 569,
549 2217 598 2248 qui
612 2218 753 2242 Terentio
772 2218 822 2241 tri-

118 2254 227 2284 buitur,
237 2259 340 2277 revera
352 2255 453 2276 natum
467 2258 530 2276 esse
543 2258 579 2276 ex
593 2252 680 2275 certis
691 2255 820 2276 veterum

119 2287 298 2312 testimoniis
317 2288 431 2311 constat
449 2284 489 2317 (v.
509 2285 587 2310 Roth
605 2285 624 2309 l.
639 2293 663 2310 c.
683 2292 711 2316 p.
727 2286 775 2310 153
795 2289 824 2310 et

121 2321 237 2352 Sauppe
250 2321 270 2345 l.
285 2327 309 2344 c.
324 2327 350 2351 p.
366 2318 435 2351 115).

154 2357 169 2381 ἴ)
188 2356 301 2380 Graece
313 2355 377 2379 Afri
392 2349 498 2388 Λιβύες
511 2355 588 2386 sunt,
603 2353 711 2378 diversi
725 2354 776 2384 illi,
792 2356 822 2377 ut

119 2390 208 2414 Niese
216 2389 327 2413 amicus
335 2395 382 2412 me
390 2387 499 2418 docuit,
510 2390 538 2412 et
547 2394 564 2412 a
573 2387 821 2418 Carthaginensi-

120 2424 174 2448 bus
188 2424 216 2448 et
229 2430 247 2447 a
259 2422 402 2447 Numidis.

154 2459 169 2482 6
192 2457 260 2483 Vid.
279 2456 376 2486 Bergk
397 2455 416 2479 l.
437 2462 462 2480 c.
486 2463 512 2487 p.
533 2456 583 2481 628
601 2462 643 2486 sq.
670 2457 698 2480 et
715 2455 821 2486 Engel·

121 2491 233 2521 brecht,
249 2489 332 2515 stud.
346 2490 414 2514 Ter.
427 2496 455 2520 p.
468 2490 493 2515 5.

155 2527 169 2549 7
190 2525 307 2549 ‘Fuisse
321 2524 578 2548 diciturmediocri
591 2525 710 2551 statura.
720 2524 821 2554 gracili

121 2565 253 2590 corpore,
267 2558 365 2583 colore
378 2557 473 2582 fusco'
488 2557 559 2586 (Vit.
573 2556 664 2589 Ten).
689 2558 822 2588 imagini-

121 2593 175 2618 bus
182 2593 304 2617 Terenti
314 2591 360 2616 vel
371 2592 401 2615 in
412 2591 513 2616 codice
521 2592 664 2617 Vaticano
674 2592 822 2623 pingendo

120 2627 168 2651 vel
192 2627 223 2651 in
248 2632 368 2651 nummo
398 2625 524 2656 quodam
548 2626 597 2656 qui
623 2626 731 2650 dicitur
755 2633 821 2650 con·

120 2661 249 2686 torniato
273 2660 450 2684 statunriave
474 2662 536 2684 arte
556 2659 679 2684 redditis
702 2666 821 2690 parvam

121 2697 172 2719 aut
185 2695 294 2718 nnllam
309 2694 395 2718 fldem
416 2693 579 2718 habendam
595 2700 658 2718 esse
670 2694 698 2719 J.
712 2694 739 2719 J.
755 2695 821 2718 Ber-

121 2729 213 2754 uoulli
228 2729 325 2761 (Rom.
338 2728 471 2760 Iconogr.
485 2728 498 2752 l
512 2728 623 2760 (jo-70)
643 2727 822 2753 demonstra-

837 363 876 393 ut
892 358 1033 404 opinari
1049 358 1145 402 licet,
1168 371 1248 394 cum
1263 359 1348 395 filiis
1364 360 1539 394 nobilium

837 404 992 438 virorum
1036 404 1151 439 amice
1195 416 1305 451 agere
1349 405 1538 450 coepisset,

838 449 986 484 libertus
1004 453 1130 494 postea
1151 450 1198 484 ob
1216 450 1361 485 easdem
1375 450 1538 494 virtutes,

839 494 968 539 quibus
996 495 1202 529 libertatem
1230 495 1403 537 debebat,
1436 495 1538 529 fami-

838 540 917 574 liari
950 540 1208 574 consuetudine
1238 540 1539 574 nobilissimorum

840 589 875 619 et
902 585 1192 629 clarissimorum,
1222 585 1284 631 qui
1305 589 1381 619 tum
1403 585 1540 620 Romae

839 630 1024 675 vigebant,
1040 630 1224 664 hominum
1239 631 1425 665 utebatur:
1447 631 1541 665 inter

839 677 972 709 amieos
995 675 1173 720 Scipionis
1195 676 1360 709 Africani
1382 675 1540 719 minoris,

840 720 878 755 C.
892 721 1009 763 Laeli,
1028 721 1113 754 Furi
1127 721 1226 754 Phili
1243 721 1540 764 adulescentium,

839 767 895 800 vel
919 766 957 800 C.
984 766 1121 810 Sulpici
1146 764 1256 810 Galli,
1285 765 1328 807 Q.
1352 765 1447 800 Fabi
1469 766 1540 800 La-

841 812 981 854 beonis,
1021 812 1069 845 M.
1102 811 1237 856 Popilli
1274 811 1431 845 virorum
1461 821 1541 856 pro-

841 856 1006 891 vectioris
1022 857 1152 891 aetatis
1169 857 1362 891 Terentius
1378 866 1542 891 numera-

841 903 962 945 batur,
1007 912 1089 936 nam
1135 902 1365 947 patriciorum
1409 911 1543 947 genere

841 947 930 981 illud
947 946 1119 993 temporis
1136 947 1281 992 plurimi
1299 949 1400 981 erant
1417 947 1462 990 ei,
1480 946 1543 990 qui

841 1004 921 1026 cum
953 993 999 1026 ad
1030 1003 1106 1026 rem
1137 993 1319 1037 publicam
1351 992 1543 1026 tenendam

841 1038 1018 1082 aptissimi
1047 1042 1184 1080 essent,
1216 1042 1291 1072 tum
1321 1037 1458 1071 artibus
1487 1037 1543 1070 lit-

841 1083 998 1127 terisque
1007 1083 1159 1117 maxime
1168 1083 1341 1117 favcrcnt.
1358 1086 1397 1116 ut
1404 1086 1545 1116 taceam

843 1128 887 1162 de
916 1139 1074 1172 rumore,
1104 1139 1174 1172 quo
1203 1128 1259 1162 vel
1281 1128 1439 1172 eorporis
1462 1138 1544 1162 eon-

843 1174 1030 1207 suetudine
1054 1185 1134 1207 cum
1157 1173 1449 1207 adulescentibus
1473 1173 1544 1206 illis

843 1218 1023 1253 nobilibus
1052 1219 1260 1252 conjunctus
1293 1230 1370 1253 esse
1400 1218 1543 1252 diceba-

842 1268 916 1307 tur,
946 1264 1003 1298 cui
1025 1264 1097 1298 iam
1120 1264 1325 1298 Fenestella
1347 1274 1433 1297 sano
1460 1275 1545 1298 usus

844 1312 1054 1354 argumento
1068 1309 1255 1343 oblocutus
1269 1313 1324 1343 est
1335 1309 1421 1352 (vit.
1433 1308 1545 1352 Ten),

845 1354 1056 1399 pervulgata
1114 1354 1259 1398 quidem
1317 1354 1544 1398 antiquitatis

844 1399 941 1433 fama
955 1403 1042 1442 erat,
1061 1400 1160 1433 cuius
1173 1399 1252 1444 ipse
1266 1404 1374 1444 poeta
1387 1399 1423 1433 in
1435 1399 1545 1433 Adel-

845 1445 941 1489 phon
954 1445 1104 1490 prologo
1118 1447 1161 1482 (v.
1170 1446 1315 1488 15—21)
1329 1445 1547 1478 mentionem

845 1489 966 1533 faeitS,
984 1490 1030 1524 ab
1047 1489 1172 1524 amicis
1184 1489 1256 1523 illis
1268 1489 1449 1524 nobilibus
1463 1500 1545 1524 eum

845 1535 881 1568 in
909 1535 1098 1569 scribendo
1126 1535 1288 1569 adiutum
1311 1546 1398 1569 esse.
1440 1545 1547 1579 quam

846 1580 978 1613 famam
986 1581 1081 1624 quod
1096 1580 1223 1614 leviter
1235 1584 1374 1614 tantum
1388 1580 1546 1614 refutare

846 1626 1003 1669 videtur,
1036 1626 1108 1660 iam
1138 1625 1328 1660 Suetonius
1359 1629 1457 1660 recte
1485 1625 1546 1660 ob-

846 1671 999 1704 servavit
1015 1671 1097 1705 ideo
1115 1671 1204 1713 fieri,
1230 1671 1315 1716 quia
1337 1674 1446 1716 poeta
1468 1682 1547 1705 eam

846 1716 970 1750 amicis
994 1728 1063 1750 non
1085 1716 1265 1761 ingratam
1289 1727 1367 1750 esse
1386 1716 1545 1750 sentiret.

846 1762 1055 1796 Terentium
1080 1772 1166 1795 sane
1188 1761 1226 1795 in
1242 1761 1393 1795 Terenti
1414 1761 1548 1796 fabulis

846 1818 1042 1852 agnoscere
1059 1818 1163 1841 nemo
1176 1807 1343 1841 nimirum
1355 1806 1547 1851 dubitabit,

847 1863 1062 1897 quamquam
1092 1852 1125 1886 ei
1154 1852 1447 1886 consuetudinem
1477 1852 1547 1886 ele-

847 1898 1009 1943 gantium
1038 1902 1074 1931 et
1102 1898 1197 1932 omni
1223 1897 1329 1931 modo
1350 1897 1549 1931 liberaliter

848 1943 1065 1977 eruditorum
1079 1943 1262 1976 hominum
1274 1942 1311 1976 in
1323 1947 1398 1976 arte
1407 1953 1548 1987 quoque

847 1988 1046 2022 factitanda
1062 1988 1253 2032 perutilem
1271 1987 1382 2022 fuisse
1405 1999 1471 2022 nec
1489 1988 1548 2022 de-

848 2033 958 2067 fuisse
982 2034 1026 2077 ei,
1051 2034 1080 2067 si
1098 2044 1140 2067 ex
1164 2045 1231 2067 usu
1254 2038 1384 2076 essent,
1407 2033 1549 2067 illorum

848 2079 996 2113 consilia
1006 2089 1075 2112 non
1085 2079 1201 2112 minus
1211 2078 1476 2113 concedendum
1485 2083 1548 2113 est.

849 2135 1046 2158 sermonem
1069 2125 1212 2169 quidem
1236 2124 1313 2158 eius
1334 2135 1405 2158 non
1433 2124 1550 2157 minus

849 2181 890 2203 ex
909 2180 949 2203 eo
973 2169 1117 2203 dicendi
1133 2179 1284 2214 genere,
1309 2179 1378 2213 quo
1396 2168 1547 2203 Romani

848 2215 986 2248 nobiles
1008 2219 1082 2248 tum
1104 2215 1159 2248 usi
1183 2225 1260 2248 esse
1278 2214 1381 2248 nobis
1398 2215 1549 2258 putandi

849 2264 945 2303 sunt,
975 2271 1081 2304 quam
1111 2271 1152 2293 ex
1180 2263 1340 2294 veterum
1362 2264 1550 2304 poetarum

849 2305 1046 2339 imitatione
1072 2305 1331 2339 conformatum
1361 2316 1438 2339 csse
1467 2316 1549 2339 con-

848 2354 928 2384 stat.
988 2351 1034 2384 ab
1076 2350 1226 2384 aliorum
1268 2354 1455 2394 poetarum
1493 2350 1548 2384 vel

847 2396 1084 2430 litteratorum
1129 2395 1326 2440 hominum,
1375 2395 1437 2440 qui
1475 2398 1550 2429 tum

847 2491 897 2519 vit,
923 2489 1001 2514 idem
1026 2491 1125 2514 tamen
1150 2488 1261 2513 addens
1286 2495 1370 2519 posse
1392 2488 1550 2518 imaginem

849 2524 926 2548 illius
946 2523 1056 2547 codicis
1077 2523 1111 2547 aul
1128 2523 1268 2547 Varronis
1288 2522 1488 2546 hebdomadas
1507 2529 1549 2546 re-

850 2558 927 2582 sei-ri.
959 2558 1031 2588 fugit
1051 2564 1114 2581 eum
1135 2561 1194 2581 tres
1213 2557 1285 2581 alios
1307 2556 1422 2581 codices
1436 2558 1552 2586 praeter

850 2593 1021 2616 Vaticanum
1047 2592 1149 2615 eodem
1170 2590 1257 2615 modo
1277 2590 1398 2614 Terenti
1421 2589 1550 2620 imagine

849 2628 966 2650 ornatos
981 2632 1052 2650 esse.
1066 2625 1239 2654 Fui-isinum,
1256 2624 1465 2652 Basilicanum,
1481 2624 1550 2647 Am-

849 2660 1017 2683 brosianum
1048 2667 1086 2683 ιν.
1114 2659 1209 2689 Umpf.
1235 2658 1280 2682 ed.
1310 2658 1378 2682 Ter.
1403 2664 1430 2688 p.
1457 2657 1548 2688 XXV,

849 2694 950 2718 XXIX.
966 2693 1082 2720 XXXI).

881 2732 896 2753 ὅ
916 2729 958 2753 Cf.
973 2728 1017 2752 ed.
1033 2735 1070 2752 ul.
1084 2726 1263 2759 'l'eubn.1p.
1278 2727 1302 2752 ὃ,
