1726 2984
239 153 295 197 30

239 431 322 472 DA.

148 563 214 598 520

239 925 299 969 S1.

146 1120 213 1155 525

146 1431 214 1466 530

240 1863 299 1906 SI.

241 1987 318 2030 Cn.

149 2124 215 2158 535

243 2363 320 2405 CH.

243 2426 302 2468 SI.

151 2562 216 2597 540

777 165 976 201 ANDRIA
1405 165 1475 210 ΙΠ,
1491 166 1524 201 2.
1541 165 1564 202 3

361 294 369 305 ‚
749 245 809 288 S1.
858 246 973 299 Quid
997 247 1082 288 a'is?
1107 262 1231 300 quom
1255 247 1517 289 intellexeras

351 307 401 348 Id
438 308 654 349 consilium
691 310 858 364 capere,
900 323 1004 363 quor
1047 323 1130 350 non
1167 309 1268 350 dixti
1311 309 1518 363 extemplo

798 370 1044 425 Pamphilo?

355 430 461 484 Quis
492 432 619 487 igitur
649 447 743 474 eum
774 432 826 473 ab
856 432 928 474 illa
954 433 1153 474 abstraxit
1177 433 1256 474 nisi
1288 433 1392 488 ego?
1421 447 1519 473 nam

797 509 939 535 omnes
963 495 1039 536 nos
1064 495 1233 548 quidem

352 553 530 604 Scimus,
555 570 681 610 quam
708 555 854 597 misere
874 555 979 597 hzinc
999 557 1163 598 amarit:
1188 557 1299 598 nunc
1318 557 1396 598 sibi
1415 549 1517 597 uxo·
1536 568 1570 593 40

799 632 886 658 rem
911 619 1079 673 expetit.

350 679 568 720 Postremo
599 679 641 720 id
671 680 771 720 mihi
802 679 855 720 da
885 681 1043 736 negoti3
1074 681 1120 722 tu
1145 688 1284 722 tamen
1308 680 1418 722 idem
1445 680 1518 720 has

799 742 963 796 nuptias

349 802 487 858 Perge
517 804 653 846 facere
683 804 740 845 ita
770 805 814 845 ut
844 804 964 854 facis,
1004 812 1043 846 et
1079 804 1121 845 id
1152 806 1272 859 spe'ro
1304 804 1517 845 adiuturos

356 913 364 925 ‚
798 866 910 907 deos.

347 926 481 968 Immo
514 927 581 968 abi
612 927 736 969 intro:
768 928 825 968 ibi
855 943 921 969 me
953 928 1142 983 opperire
1169 937 1209 968 et
1233 928 1344 981 quod
1375 936 1517 982 parato

798 1006 902 1045 opus
927 992 989 1030 est
1014 1005 1126 1045 para.
1153 1015 1206 1018 —

350 1051 446 1092 Non
469 1051 620 1106 inpulit
644 1067 722 1101 me,
755 1052 857 1093 haec
888 1053 999 1093 minc
1025 1052 1190 1093 omnino
1216 1060 1262 1093 ut
1287 1052 1516 1101 crederem3

349 1114 485 1168 Atqui
508 1114 620 1155 haud
645 1114 729 1155 scio
756 1130 809 1155 an
833 1128 940 1168 quae
966 1114 1068 1155 dixit
1093 1114 1172 1155 sint
1197 1129 1298 1155 uera
1323 1115 1471 1156 omnia.
1536 1126 1570 1151 45

351 1175 437 1218 Sed
461 1176 581 1231 patrui
605 1176 759 1231 pendo:
786 1176 888 1218 illud
911 1176 1013 1217 mihi
1037 1177 1166 1218 multo
1192 1179 1489 1226 maixumumst,

350 1237 478 1291 Quod
491 1238 591 1279 mihi
605 1238 831 1293 pollicitust
843 1241 958 1293 ipsus
972 1248 1135 1293 gnatus.
1168 1240 1277 1280 nunc
1293 1237 1517 1280 Chremem

351 1299 625 1350 Conminiam,
652 1301 779 1341 orabo
804 1303 931 1355 gnato
956 1315 1146 1342 uxorem:
1177 1300 1254 1356 [id]
1277 1301 1310 1341 si
1328 1303 1517 1356 impetro,

350 1362 466 1414 Quid
489 1363 590 1403 {ilias
614 1363 757 1403 malim
782 1377 908 1416 quam
932 1362 1056 1404 hodie
1081 1362 1154 1403 has
1178 1363 1267 1404 fieri
1290 1363 1480 1418 nuptias?

348 1426 457 1466 Nam
484 1427 634 1479 gnaitus
660 1425 771 1479 quod
788 1425 1025 1479 pollicitust,
1052 1425 1164 1465 haud
1179 1425 1391 1466 dubiumst
1403 1426 1517 1475 mihi,
1538 1438 1570 1463 50

351 1487 398 1529 Si
422 1487 537 1536 nolit,
563 1488 665 1541 quin
690 1503 785 1528 eum
808 1487 954 1528 me'rito
979 1487 1133 1542 possim
1158 1488 1320 1542 cdgere.

351 1551 493 1603 Atque
511 1550 615 1591 aldeo
634 1550 677 1590 in
695 1550 785 1605 ipso
800 1551 985 1604 tempore
1000 1564 1143 1591 eccum
1157 1549 1293 1604 ipsum
1309 1548 1517 1605 [obuiam]

800 1611 1035 1654 Chremem.

644 1737 674 1780 S
688 1753 703 1778 1
714 1754 743 1778 M
757 1753 777 1777 0
855 1737 890 1779 C
904 1754 932 1778 H
944 1754 969 1778 R
980 1754 1004 1778 Ε
1018 1754 1047 1778 M
1059 1753 1082 1778 E
1097 1752 1116 1779 s

649 1809 768 1836 sumas
965 1810 994 1835 11

349 1863 480 1904 Iubeo
496 1862 761 1904 Chremetem
777 1894 785 1903 .
802 1894 811 1902 .
828 1895 836 1903 .
881 1861 958 1904 CH.
986 1861 1026 1903 Ο
1042 1870 1082 1904 te
1094 1864 1231 1917 ipsum
1247 1863 1587 1917 quaereba1n.111,3

803 1924 862 1966 S1.
889 1925 945 1965 Et
970 1940 1048 1980 ego
1074 1933 1132 1966 te:
1159 1933 1301 1980 optato
1326 1926 1512 1967 aduenis.

351 1987 538 2042 Aliquod
568 2002 633 2028 me
666 1987 868 2036 adierunt,
902 1989 952 2028 e'x
983 1995 1023 2028 te
1055 1987 1243 2028 auditum
1269 1988 1339 2041 qui
1365 1988 1518 2038 aibant,

801 2049 922 2090 hodie
947 2050 1075 2090 filiam

352 2112 497 2154 Meam
526 2112 683 2154 nubere
714 2119 785 2153 tuo
816 2114 961 2167 gnato:
994 2112 1035 2152 id
1061 2113 1150 2153 uiso
1177 2113 1273 2154 tune
1299 2128 1351 2153 an
1375 2113 1433 2154 illi
1457 2113 1520 2154 in-

801 2174 975 2215 sziniant.

291 2271 299 2279 .
350 2238 555 2278 Ausculta
572 2237 732 2292 paucis:
761 2235 840 2292 [et]
862 2237 963 2290 quid
983 2251 1061 2292 ego
1082 2245 1121 2278 te
1141 2237 1266 2278 uelim
1286 2238 1325 2278 et
1345 2246 1389 2278 tu
1408 2238 1519 2292 quod

803 2301 966 2352 quaeris
992 2300 1108 2340 scies.

353 2362 577 2404 Ausculto:
603 2361 772 2415 loquere
798 2362 898 2415 quid
923 2361 1039 2402 uelis.
1554 2374 1571 2400 5

351 2426 435 2466 Per
459 2426 497 2465 te
524 2424 623 2465 deos
649 2438 720 2464 oro
746 2432 785 2465 et
808 2425 990 2464 nostram
1017 2423 1254 2472 amicitiam,
1281 2421 1495 2472 Chremes,

355 2487 477 2540 Quae
502 2487 666 2541 incepta
690 2501 714 2526 a
738 2485 878 2540 paruis
898 2500 992 2526 cum
1013 2487 1147 2527 ae'tate
1173 2485 1358 2527 adcreuit
1383 2486 1518 2536 simul,

353 2550 521 2603 Perque
544 2548 709 2590 {micam
736 2551 905 2602 gnatzim
932 2556 1046 2589 tuam
1073 2556 1111 2589 et
1137 2549 1310 2603 gnatum
1336 2563 1487 2597 meum,

355 2612 519 2664 Quoius
544 2611 618 2652 tibi
642 2618 825 2666 potestas
851 2612 1013 2651 §simma
1038 2611 1231 2652 seruandi
1257 2610 1390 2659 datur,

354 2677 412 2720 Vt
436 2690 501 2717 me
526 2674 698 2716 zidiuues
724 2674 766 2716 in
790 2673 867 2716 hzic
892 2689 935 2715 re
961 2682 1082 2730 atque
1107 2674 1163 2715 ita
1188 2674 1247 2715 uti
1273 2673 1440 2730 nuptiae
1539 2686 1570 2713 ιο
