1700 2984
99 240 164 286 IV,
182 241 202 276 6
669 238 940 277 EVNVCHVS
1366 230 1445 272 133

60 575 149 606 '15

113 1139 147 1165 20

111 2388 144 2414 30

165 321 244 363 ΤΗ.
273 308 335 364 At
359 320 469 363 enim
494 335 610 370 caue,
634 335 688 364 ne
712 322 828 376 prius
855 336 981 376 quam
1005 320 1113 362 hanc
1138 336 1161 362 a
1184 335 1250 362 me
1270 321 1447 376 accipias

726 383 904 433 amittas,
931 382 1153 432 Chremes3

277 445 386 487 Nam
405 445 507 486 haec
532 451 634 494 east,
655 459 782 500 quam
802 446 918 487 miles
938 462 962 487 a
982 461 1047 488 me
1066 447 1109 486 ui
1128 459 1240 487 nunc
1259 445 1445 500 erepn'un

726 508 854 549 uenit.

277 568 366 610 Abi
386 569 444 619 tiu,
470 569 684 619 cistellam,
703 568 894 624 Pythias,
916 570 1040 611 domo
1060 568 1168 611 ecfer
1187 584 1281 610 cum
1300 584 1447 610 monu-

727 632 889 672 mentis.

166 690 245 734 cn.
278 693 416 736 Viden
447 700 491 735 tu
520 693 650 743 filum,
683 693 826 743 Thais,
873 694 950 735 PY.
980 680 1065 735 Vbi
1095 693 1236 734 sitast?
1292 693 1371 734 ΤΗ.
1397 693 1447 734 In

725 757 849 797 risco:
876 756 1019 797 odiosa
1043 756 1193 796 cessas.

167 814 245 858 Cn.
275 817 456 860 Militem
481 831 623 859 secum
647 817 701 859 ad
725 825 765 859 te
789 824 965 871 quantas
992 818 1128 873 copias
1155 816 1385 858 addacem?

276 866 410 922 Attat.
463 880 543 922 ΤΗ.
580 879 695 921 Num
736 880 1032 921 formidulosus
1073 879 1244 920 obsecro
1287 893 1350 928 es,
1391 878 1447 918 mi

726 942 876 984 homo?
924 940 1001 983 CH.
1028 929 1181 996 Apage
1206 941 1280 982 sis:

276 993 402 1061 Egon
426 1004 746 1047 formidulosus‘?
781 1012 944 1046 nemost
974 1003 1187 1044 hominum
1217 1003 1289 1057 qui
1318 1002 1446 1052 uiuzit,

727 1066 878 1108 minus.

164 1128 243 1170 ΤΗ.
274 1117 417 1184 Atque
441 1130 498 1172 ita
523 1137 658 1185 opust.
720 1128 798 1171 Cn.
832 1128 917 1178 Ah,
948 1128 1087 1169 metuo
1113 1128 1278 1181 qualem
1308 1126 1354 1167 tsi
1382 1142 1447 1168 me

284 1241 292 1252 1
728 1207 817 1234 esse
842 1190 1052 1232 hominem
1077 1192 1315 1232 existumes.

165 1253 242 1294 ΤΠ.
274 1254 408 1295 Immo
434 1254 513 1296 hoc
539 1254 739 1310 cogitato:
766 1254 934 1308 quicum
959 1253 1022 1294 res
1048 1253 1174 1301 tibist,
1206 1253 1448 1307 peregrinus

727 1324 807 1365 est3

276 1379 420 1420 Minus
440 1386 589 1434 potens
605 1393 731 1433 quam
750 1380 807 1429 tsi,
827 1378 964 1420 minus
983 1385 1120 1426 notus,
1140 1379 1277 1418 minus
1297 1376 1448 1417 amico-
1473 1382 1539 1417 760

726 1457 819 1482 rum
844 1442 911 1482 hic
935 1440 1106 1482 habens.

165 1502 243 1545 Cn.
277 1502 374 1546 Scio
410 1504 529 1546 istuc.
580 1504 654 1546 sed
688 1511 734 1545 tu
764 1503 875 1557 quod
909 1517 1058 1544 cauere
1094 1501 1239 1557 possis,
1276 1500 1448 1542 stultum

725 1566 942 1607 admittere
968 1572 1041 1606 est.

274 1629 391 1669 Malo
428 1643 506 1685 ego
536 1643 611 1670 nos
641 1630 876 1684 prospicere
909 1642 1034 1681 quam
1064 1626 1176 1667 hunc
1206 1626 1351 1667 ulcisci
1380 1640 1448 1667 ac-

725 1698 845 1746 cepta
869 1690 1031 1730 iniliria.

275 1753 343 1794 T1'1
368 1753 437 1795 abi
463 1760 586 1807 atque
618 1753 767 1794 obsera
791 1752 940 1793 ostium
964 1752 1089 1800 intus,
1121 1750 1221 1791 dl'lm
1250 1764 1328 1805 ego
1353 1749 1449 1790 hine

726 1823 961 1856 transcurro
987 1814 1041 1855 ad.
1064 1813 1221 1854 forum:

274 1877 380 1921 Volo
417 1892 496 1933 ego
533 1878 679 1919 adesse
715 1877 781 1919 hic
821 1877 1048 1918 aduocatos
1089 1875 1207 1916 nobis
1242 1875 1285 1916 in
1326 1874 1449 1916 turba

725 1939 815 1980 haic.
875 1939 954 1980 ΤΗ.
980 1939 1123 1979 Mane.

163 2001 241 2044 Cn.
273 2002 429 2043 Melius
460 2009 534 2044 est.
594 2002 676 2044 ΤΗ.
702 2000 874 2044 Omitte.
937 2000 1015 2042 Cn.
1047 2001 1138 2041 Iam
1169 2000 1307 2041 adero.
1367 1999 1445 2040 ΤΗ.
1473 2008 1538 2042 765

722 2064 792 2105 Nil
818 2079 922 2119 opus
948 2071 1010 2105 est
1033 2063 1135 2112 istis,
1162 2060 1378 2103 Chremes.

275 2128 368 2168 Hoc
404 2127 526 2168 modo
563 2127 641 2175 dic,
679 2128 860 2168 sororem
902 2126 1015 2167 illam
1052 2133 1167 2166 tuam
1203 2139 1293 2166 esse
1330 2125 1370 2165 et
1406 2131 1446 2166 te

723 2204 897 2244 paruam
921 2188 1126 2243 uirginem

274 2239 492 2301 Amisisse,
518 2252 629 2293 nl'inc
654 2266 870 2307 cognosse.
909 2253 1028 2305 signa
1047 2249 1231 2291 ostende.
1263 2248 1339 2291 ΡΥ.
1355 2249 1446 2290 Ad-

726 2314 834 2355 sfmt.
894 2313 973 2354 ΤΗ.
1002 2311 1132 2367 Cape.

276 2375 323 2418 Si
347 2377 432 2417 uim
458 2376 595 2426 faciet,
620 2377 662 2417 in
687 2376 750 2417 ius
777 2376 915 2417 ducito
941 2375 1167 2416 hominem:
1193 2373 1447 2415 intellextin?

724 2437 802 2480 CH.
829 2439 982 2479 Probe.

162 2501 241 2542 ΤΗ.
272 2501 360 2542 inc
397 2501 533 2542 animo
572 2501 674 2542 haec
710 2501 917 2556 praesenti
959 2500 1084 2542 dicas.
1147 2497 1225 2541 CH.
1262 2499 1446 2541 Fasciam.

724 2564 803 2604 ΤΗ.
829 2563 987 2605 Attolle
1012 2562 1196 2618 peillium.

274 2625 400 2677 Perii,
427 2625 521 2667 huic
546 2625 663 2681 ipsist
688 2627 792 2680 opus
817 2632 1005 2680 patrono,
1038 2626 1162 2683 quem
1188 2623 1447 2666 defensorem
1473 2635 1538 2670 770

726 2702 840 2748 paro,

1472 816 1537 850 755
