1700 2984
204 152 285 195 194
729 158 959 194 PHORMIO
1459 158 1506 204 v,
1522 160 1545 195 9

222 244 299 285 ΡΗ.
330 244 425 299 Ego
450 243 582 284 minas
608 241 777 296 triginta
800 254 874 295 per
893 239 1101 282 fallaciam
1119 240 1173 282 ab
1191 240 1288 282 illoc
1305 240 1476 282 abstuli:

334 305 420 347 Eas
457 305 554 348 dedi
588 313 659 346 tuo
695 303 842 359 gnato:
879 301 914 343 is
949 317 1023 358 pro
1060 318 1135 345 sua
1170 304 1304 345 amica
1338 303 1528 344 lenonia>

782 364 907 406 dedit.

111 435 199 470 1040
224 428 301 472 Cn.
332 430 459 478 Hem,
484 428 586 483 quid
609 428 694 470 ais?
747 427 828 468 NA.
860 426 1034 469 Adeone
1059 427 1277 483 indignum
1300 427 1379 469 hoc
1402 426 1478 468 tibi

782 488 960 538 uidetur,
985 489 1098 532 filius

334 554 476 595 Homo
512 552 756 595 adulescens
793 552 827 592 si
863 550 989 593 habet
1029 567 1156 593 unam
1197 553 1391 601 amicam,
1433 558 1479 592 tu

784 614 935 655 uxores
961 614 1088 655 duas?

332 678 401 720 Nfl
425 677 608 733 pudere?
639 690 721 731 quo
746 676 815 717 dre
838 676 954 717 illum
979 675 1245 731 obiurgabis?
1275 674 1478 730 responde

782 737 895 779 mihi.

222 801 305 844 Da.
329 801 477 844 Faciet
500 808 547 842 ut
570 801 700 843 uoles.
759 800 840 842 NA.
876 801 1011 841 [mmo
1036 808 1081 841 ut
1105 814 1242 841 meam
1265 799 1349 840 iam
1373 799 1478 840 scias

783 863 1045 911 sententiam,

335 926 485 980 Neque
522 939 601 981 ego
637 925 808 980 ignosco
844 926 980 979 neque
1022 924 1216 979 promitto
1257 925 1480 978 quicquam
1498 934 1531 960 55

783 1001 919 1041 neque
943 987 1170 1041 respondeo

112 1058 199 1093 1045
334 1051 459 1093 Prius
494 1065 620 1105 quam
657 1058 832 1106 gnatum
867 1050 1028 1091 uidero:
1072 1049 1159 1091 eius
1200 1048 1352 1090 iudicio
1387 1062 1480 1103 per-

784 1112 901 1154 mitto
927 1112 1077 1154 omnia.

336 1175 463 1228 Quod
487 1176 521 1217 is
546 1175 705 1218 iubebit
730 1175 894 1216 faciam.
942 1175 1021 1216 PH.
1053 1173 1209 1216 Mulier
1233 1174 1398 1229 sapiens
1422 1187 1480 1222 eS,

784 1238 1056 1298 Nausistrata.

222 1301 302 1343 NA.
335 1299 456 1343 Satin
481 1299 619 1342 tibist?
676 1301 752 1342 DE.
783 1301 863 1341 Ita,
928 1299 994 1341 CH.
1024 1299 1159 1340 Immo
1184 1313 1284 1340 uero
1308 1297 1480 1353 pulchre

352 1415 358 1423 Ι
787 1361 955 1403 discedo
980 1362 1020 1402 et
1043 1361 1173 1417 probe

335 1426 391 1467 Et
414 1432 579 1480 praeter
603 1439 732 1480 spem.
779 1424 858 1466 NA.
885 1424 953 1465 Tu
976 1431 1092 1465 tuom
1115 1437 1266 1464 nomen
1291 1422 1358 1463 dic
1382 1421 1481 1462 mihi

784 1486 884 1540 quid
909 1489 973 1527 sit.
1021 1486 1100 1527 PH.
1131 1485 1351 1526 Phormio:

335 1551 513 1593 Vostrae
547 1549 730 1591 familiae
761 1548 898 1590 hercle
931 1548 1087 1590 amicus
1119 1549 1160 1589 et
1189 1556 1260 1588 tuo
1294 1561 1481 1588 summus
1500 1558 1533 1583 eo

785 1611 1029 1653 Phaedriae.

111 1682 200 1717 1050
223 1676 303 1717 NA.
334 1674 548 1723 Phormio,
569 1682 610 1716 at
630 1688 709 1729 ego
729 1675 889 1716 ecastor
908 1673 1081 1729 posthac
1098 1672 1174 1715 tibi
1193 1672 1305 1727 quod
1324 1679 1481 1728 poterO,

785 1737 899 1790 quod
923 1736 1038 1778 uoles

336 1800 592 1853 Faciamque
607 1806 648 1841 et
661 1799 808 1841 dicam.
844 1798 924 1840 PH.
945 1799 1136 1854 Benigne
1156 1797 1269 1838 dicis.
1305 1797 1384 1838 NA.
1404 1797 1482 1838 Pol

784 1862 1015 1903 meritumst
1041 1869 1167 1902 tuom.

222 1926 302 1966 ΡΗ.
334 1926 417 1968 Vin
454 1925 635 1980 primum
672 1924 795 1966 hodie
832 1925 969 1965 facere
1005 1924 1117 1977 quod
1152 1937 1230 1978 ego
1262 1922 1482 1978 gaudeam,

791 1987 1067 2035 Nausistrata,

336 2040 392 2091 Et
415 2051 528 2104 quod
552 2059 624 2091 tuo
648 2049 738 2091 uiro
764 2049 870 2091 oculi
895 2049 1087 2090 doleant?
1117 2048 1198 2089 NA.
1225 2046 1373 2102 Cupio.
1406 2047 1482 2088 PH.

787 2112 863 2153 Me
889 2112 942 2153 ad
967 2113 1111 2153 cenam
1136 2124 1253 2151 uoca.

223 2177 300 2218 NA.
330 2176 408 2218 Pol
432 2191 533 2218 uero
553 2190 672 2217 uoco.
710 2175 792 2216 DE.
818 2174 976 2215 Eamus
995 2175 1102 2215 intro
1122 2173 1230 2214 hinc.
1268 2172 1349 2213 NA.
1376 2172 1483 2214 Fiat.
1502 2183 1535 2209 65

787 2237 859 2278 sed
884 2237 995 2278 ubist
1019 2235 1228 2277 Phaedria

113 2307 200 2341 1055
337 2301 470 2342 Iudex
495 2300 658 2342 noster?
699 2300 777 2340 Pa.
805 2299 895 2340 Iam
919 2295 985 2340 hic
1010 2299 1108 2339 faxo
1134 2297 1277 2339 aderit.
1326 2297 1481 2338 CANTOR.

786 2361 874 2404 Vos
900 2361 1035 2403 ualete
1061 2370 1099 2402 et
1126 2360 1322 2415 plaudite.
