1726 2984
198 148 243 193 v,
260 149 282 183 4

215 241 247 266 15
265 229 342 270 PA.

266 346 325 389 S1.

215 920 248 945 20

271 1282 346 1325 CR.

809 143 1005 182 ANDRIA
1485 127 1538 172 47

379 229 435 270 Ni
458 235 642 271 metuam
666 235 844 283 patrem,
869 226 1003 268 habeo
1027 239 1102 281 pro
1127 223 1196 265 illa
1220 237 1264 265 re
1288 222 1404 263 illum
1429 219 1541 275 quod

826 290 1018 330 moneam
1042 286 1183 342 probe.

375 346 658 403 Sycophanta.
726 345 801 388 CR.
849 345 975 387 Hem.
1041 342 1120 385 Cn.
1170 342 1260 391 Sic,
1304 339 1439 389 Crito,
1482 347 1544 381 est

822 407 908 449 hie:
955 408 1083 447 mitte.
1156 403 1231 446 CR.
1273 403 1427 445 Videat
1473 403 1544 456 qui

826 470 914 511 siet.

378 534 424 577 Si
460 533 560 575 mihi
596 540 742 588 perget
778 533 885 586 quae
921 531 1009 572 uolt
1045 529 1200 578 dicere,
1239 529 1288 569 ea
1324 541 1430 582 quae
1462 540 1545 567 non
1569 528 1636 562 920

395 648 400 657 .
825 595 912 636 uolt
937 592 1089 635 audiet.

378 660 471 714 Ego
496 659 622 700 istaec
647 672 797 699 moueo
823 664 893 698 aut
919 655 1042 697 curo?
1066 669 1149 696 non
1180 660 1225 694 tu
1250 654 1365 694 tuom
1390 651 1545 694 malum

826 733 960 773 aequo
986 718 1124 759 animo
1150 716 1283 758 feras?

378 783 488 824 Nam
513 785 590 838 ego
616 797 723 836 quae
749 781 854 831 dico,
882 783 983 822 uera
1008 795 1059 821 an
1084 779 1190 820 falsa
1220 777 1434 826 audierim,
1466 776 1547 817 iam

398 895 406 907 ‚
828 843 923 885 seiri
948 850 1096 898 potest.

378 907 545 949 Atticus
588 907 759 961 quidam
803 906 901 947 olim
942 905 1042 946 naui
1088 903 1220 945 frziota
1262 902 1315 943 ad
1357 900 1549 942 Andrum

397 1022 404 1031 1
828 969 985 1010 eiectus
1011 974 1072 1009 est

380 1033 436 1074 Et
460 1032 588 1074 istaec
614 1047 697 1073 una
722 1033 853 1087 parua
878 1030 1012 1085 uirgo.
1073 1029 1160 1070 tum
1191 1027 1260 1069 ille
1293 1041 1419 1082 egens
1445 1026 1550 1067 forte

828 1093 1010 1148 adplicat

380 1158 570 1199 Primum
602 1158 654 1198 ad
687 1155 906 1212 Chrysidis
938 1163 1098 1211 patrem
1130 1169 1186 1195 se.
1248 1152 1308 1195 SI.
1345 1152 1552 1193 Fabulam
1576 1154 1643 1189 925

394 1270 402 1281 Ι
828 1219 1023 1273 ἰηοερῒέιῖ.
1086 1216 1164 1258 CH.
1204 1214 1317 1258 Sine.
1403 1264 1410 1276 ,

384 1284 502 1324 Itane
523 1297 622 1324 uero
645 1282 865 1323 obturbat?
914 1279 992 1322 Cn.
1018 1280 1158 1334 Perge
1183 1286 1241 1320 tu.
1291 1276 1366 1319 CR.
1393 1277 1434 1318 Is
1453 1276 1554 1318 mihi

830 1344 1032 1399 cognatus
1057 1342 1150 1390 fuit,

332 1421 335 1425 ·
383 1406 468 1460 Qui
495 1407 589 1448 eum
616 1406 785 1461 recepit.
835 1406 894 1468 spi
919 1420 998 1460 ego
1023 1403 1165 1445 audiui
1191 1418 1241 1445 ex
1266 1402 1336 1443 illo
1356 1417 1445 1444 sese
1465 1417 1556 1444 esse

220 1545 252 1570 25

224 2236 257 2261 ³0
277 2221 355 2265 Cn.

277 2347 338 2391 S1.

279 2472 357 2515 Cn.

393 1520 401 1531 1
832 1469 1036 1510 Atticum.

384 1533 425 1574 Is
456 1532 514 1574 ibi
543 1533 758 1573 mortuost.
809 1530 885 1573 CH.
919 1531 1022 1572 Eius
1053 1529 1230 1571 nomen?
1280 1527 1353 1569 GR.
1391 1527 1556 1569 Nomen

831 1602 916 1635 tam
941 1593 1021 1635 cito
1047 1592 1146 1633 tibi?
1204 1593 1275 1632 ΡΑ.
1300 1592 1426 1639 Hem,

384 1657 515 1700 Perii!
567 1656 641 1699 CR.
668 1657 828 1700 Verum
854 1656 992 1698 hercle
1019 1657 1164 1711 opinor
1183 1655 1311 1695 fuisse
1331 1654 1557 1702 Phaniam3

834 1719 912 1761 hoo
938 1720 1049 1760 certo
1076 1718 1173 1766 seio,

385 1783 690 1825 Rhamnusium
728 1797 771 1824 se
809 1782 945 1823 aiebat
984 1796 1087 1822 esse.
1150 1779 1227 1822 Cn.
1273 1778 1313 1820 O
1352 1778 1557 1835 Iuppiter!
1583 1783 1651 1818 930

836 1843 912 1886 CR.
939 1843 1102 1885 Eadem
1128 1843 1244 1891 haee,
1273 1841 1489 1892 Chremes,

385 1909 513 1951 Multi
537 1909 608 1950 {ilii
632 1909 675 1949 in
695 1908 842 1949 Andro
868 1907 1078 1949 audiuere.
1131 1905 1209 1947 CH.
1236 1905 1407 1948 Vtinam
1432 1905 1474 1946 id
1493 1907 1557 1954 sit,

834 1970 946 2025 quod
971 1968 1111 2024 spero!
1161 1968 1252 2017 eho,
1279 1968 1344 2009 dic
1369 1968 1484 2017 mihi,

387 2033 502 2087 Quid
541 2036 630 2075 edm
668 2034 779 2074 tum?
816 2048 989 2074 suamne
1020 2047 1109 2073 esse
1142 2031 1277 2073 aibat?
1337 2029 1413 2072 CR.
1450 2031 1558 2073 Non.

837 2094 915 2137 CH.
932 2094 1114 2147 Quoiam
1128 2094 1280 2149 igitur?
1306 2092 1381 2135 CR.
1401 2094 1559 2135 Fratris

838 2158 983 2200 filiam.

394 2221 519 2264 Certe
544 2228 687 2263 meast.
749 2219 821 2263 CR.
874 2220 989 2273 Quid
1021 2217 1105 2261 a‘i's‘?
1165 2218 1223 2261 SI.
1267 2218 1382 2271 Quid
1406 2227 1451 2260 tu
1475 2220 1560 2261 ais?

838 2283 916 2324 ΡΑ.
954 2271 1109 2337 Arrige
1135 2282 1259 2330 auris,
1284 2281 1524 2338 Paimphile!

387 2347 474 2400 Qui
511 2347 668 2389 credis?
729 2345 807 2388 Cn.
850 2346 1014 2387 Phania
1049 2345 1132 2386 illio
1162 2345 1290 2385 frater
1320 2346 1437 2386 meus
1467 2345 1558 2386 fuit.

839 2408 896 2451 SI.
945 2408 1103 2449 Noram
1129 2409 1169 2448 e't
1193 2407 1290 2449 soio.

394 2473 436 2514 Is
456 2472 611 2514 bellum
631 2472 727 2514 hino
745 2472 911 2528 fugiens
925 2473 1074 2525 meque
1088 2471 1130 2511 in
1145 2470 1292 2511 Asiam
1305 2472 1557 2526 persequens
1582 2480 1650 2515 935

836 2534 1126 2590 proficiscitur:

389 2598 500 2639 Tum
524 2597 635 2640 illam
660 2599 892 2653 relinquere
918 2597 983 2638 hio
1007 2605 1069 2638 est
1093 2596 1262 2638 ueritus.
1287 2596 1427 2653 postici
1448 2612 1558 2643 nuno

838 2659 1017 2715 primum
1043 2658 1165 2700 audio
