1700 2984
240 132 319 174 166
762 141 994 176 PHORMIO
1495 141 1544 186 II,
1561 141 1584 176 3

147 227 214 262 390
350 221 535 279 Stilpdst,
595 222 677 264 ΒΕ.
709 222 849 275 Quem
888 222 1014 263 dixti?
1076 223 1154 263 ΡΗ.
1188 221 1419 278 Stilponem
1453 221 1516 263 in-

799 299 926 339 quam
950 285 1137 326 noueras.

235 347 317 389 DE.
349 348 498 402 Neque
522 348 600 402 ego
625 347 740 389 illum
765 362 908 388 noram
931 348 1066 408 neque
1091 348 1147 388 mi
1173 347 1372 403 cognatus
1397 346 1476 388 fuit

350 409 586 465 Quisquam
603 411 708 452 istoc
725 409 905 451 nomine.
941 409 1018 450 ΡΗ.
1039 409 1182 451 Itane?
1207 424 1290 451 non
1309 417 1350 451 te
1368 409 1516 451 horum
1537 420 1570 446 45

796 471 950 527 pudet?

348 535 410 576 At
434 536 468 576 si
493 535 693 576 talentum
717 535 804 575 rem
829 533 1064 588 reliquisset
1088 534 1245 584 decem,

234 596 315 638 DE.
347 596 406 638 Di
430 597 505 638 tibi
529 596 811 639 malefaciant!
859 596 935 637 ΡΗ.
959 598 1116 651 primus
1143 611 1253 638 esses
1278 596 1514 637 memoriter

143 668 210 704 395
345 659 597 715 Progeniem
632 666 816 701 uostram
852 673 985 713 usque
1019 659 1073 700 ab
1111 673 1191 700 auo
1229 667 1354 713 atque
1391 666 1514 700 atauo

736 762 737 766 ,
794 720 1020 776 proferens.

231 783 314 826 Da.
345 783 412 826 Ita
447 791 493 825 ut
530 784 644 825 dicis.
704 798 783 839 ego
825 791 914 824 tum
951 797 1077 837 quom
1118 783 1400 832 aduenissem,
1444 782 1516 836 qui

795 846 898 887 mihi

346 908 540 965 Cognata
564 924 613 951 ea
638 916 759 958 esset,
785 908 984 950 dicerem:
1010 907 1154 949 itidem
1178 907 1223 947 tu
1247 906 1350 948 face.
1533 918 1567 944 50

347 970 465 1014 Cedo
501 971 572 1026 qui
608 972 669 1013 est
705 972 907 1027 cognata?
969 969 1049 1012 GE.
1086 969 1167 1019 Eu,
1204 970 1355 1019 noster,
1392 977 1514 1013 recte.

794 1033 897 1075 heus
921 1033 979 1082 tu,
1006 1048 1121 1074 caue.

230 1098 306 1139 ΡΗ.
338 1096 536 1138 Dilucide
562 1096 756 1152 expediui
782 1096 934 1150 quibus
960 1110 1026 1137 me
1051 1094 1230 1150 oportuit

139 1169 206 1204 400
343 1159 577 1201 Iudicibus:
605 1167 693 1200 tum
715 1158 758 1200 id
784 1159 818 1199 si
843 1158 994 1199 falsum
1019 1157 1168 1203 fuerat,
1195 1156 1306 1198 filius

345 1222 464 1274 Quor
487 1223 569 1263 non
593 1221 767 1263 refellit?
815 1221 896 1261 DE.
922 1220 1078 1261 Filium
1101 1221 1243 1261 narras
1267 1219 1392 1261 mihi?

345 1284 508 1337 Quoius
534 1285 585 1325 de
611 1284 785 1325 stultitia
810 1283 891 1325 dici
915 1291 960 1324 ut
985 1282 1199 1337 dignumst
1223 1283 1303 1323 non
1328 1290 1476 1338 potest.
1535 1295 1567 1322 55

231 1349 306 1389 ΡΗ.
339 1348 401 1389 At
425 1348 470 1388 t1'1
495 1347 565 1401 qui
591 1347 756 1402 sapiens
781 1347 825 1388 es
850 1346 1117 1401 magistratus
1144 1345 1225 1395 adi,

342 1409 550 1451 Iudicium
576 1409 628 1450 de
654 1409 801 1451 eadem
826 1409 952 1450 causa
975 1408 1125 1449 iterum
1150 1416 1197 1448 ut
1226 1407 1403 1449 reddant
1427 1407 1514 1459 tibi,

140 1482 206 1516 405
347 1471 699 1526 Quandoquidem
725 1471 836 1513 solus
861 1472 1012 1525 regnas
1038 1478 1078 1512 et
1102 1470 1178 1511 soli
1201 1469 1297 1511 licet

342 1535 426 1576 Hic
451 1535 502 1576 de
527 1534 674 1576 eadem
699 1548 826 1575 causa
850 1533 913 1574 bis
937 1532 1139 1574 iudicium
1165 1532 1351 1587 apiscier.

229 1597 309 1639 DE.
341 1597 436 1639 Etsi
459 1596 561 1638 mihi
586 1597 697 1638 facta
720 1595 923 1645 inim-iast,
947 1596 1094 1636 uerum
1119 1604 1257 1636 tamen
1534 1608 1567 1634 eo

343 1659 490 1701 Potius
516 1673 643 1712 quam
668 1658 750 1700 litis
776 1659 908 1699 secter
932 1665 1004 1698 aut
1028 1671 1154 1711 quam
1178 1666 1218 1698 te
1243 1656 1424 1707 audiam,

342 1722 494 1763 Itidem
518 1722 565 1762 ut
590 1729 769 1776 cognata
794 1721 828 1761 si
853 1720 918 1769 sit,
949 1719 992 1760 id
1017 1719 1128 1774 quod
1153 1719 1220 1760 lex
1244 1719 1358 1760 iubet

139 1792 206 1827 410
343 1783 467 1825 Dotis
493 1783 605 1833 dare,
630 1783 767 1824 abduc
792 1782 912 1831 hanc,
938 1782 1072 1822 minas
1096 1782 1279 1836 quinque
1303 1781 1457 1836 accipe.

229 1845 307 1887 ΡΗ.
339 1845 560 1895 Hahahae,
586 1845 710 1886 homo
736 1845 890 1886 suauis.
950 1843 1032 1885 Dm.
1059 1843 1175 1895 Quid
1198 1844 1282 1885 est?
1313 1858 1414 1884 num
1438 1843 1515 1886 ini-

797 1921 923 1961 quom
948 1906 1133 1962 postulo?

342 1971 414 2013 An
438 1985 491 2012 ne
514 1971 592 2012 hoc
616 1970 785 2024 quidem
811 1984 889 2025 ego
914 1969 1132 2024 adipiscar,
1158 1968 1271 2022 quod
1289 1968 1353 2010 ius
1378 1969 1514 2024 publi·
1532 1982 1565 2008 65

798 2033 956 2073 cumst?

228 2096 306 2137 ΡΗ.
339 2096 433 2137 Itan
476 2095 663 2144 tandem,
705 2109 881 2149 quaeso,
923 2095 1022 2136 item
1063 2093 1109 2134 1'1t
1145 2093 1403 2135 meretricem
1440 2094 1512 2136 ubi

793 2157 947 2198 abusus
973 2157 1043 2206 sis,

342 2220 584 2261 Mercedem
610 2219 708 2261 dare
733 2220 801 2261 lex
826 2219 940 2260 iubet
966 2225 1004 2261 e‘1'
1028 2226 1152 2273 atque
1178 2219 1390 2260 amittere?

139 2294 205 2329 415
343 2283 428 2332 An,
453 2290 499 2323 ut
522 2283 574 2323 ne
600 2282 701 2336 quid
724 2289 844 2337 turpe
870 2281 1037 2324 ciuisin
1062 2296 1106 2322 se
1131 2280 1367 2323 admitteret

342 2345 521 2400 Propter
545 2354 785 2400 egestatem,
811 2345 1013 2399 proxumo
1037 2343 1189 2385 iussast
1215 2343 1315 2392 dari,

343 2408 401 2449 Vt
425 2422 519 2449 cum
544 2408 629 2449 uno
654 2415 832 2449 aetatem
858 2407 1052 2461 degeret?
1083 2406 1196 2459 quod
1221 2407 1265 2446 tu
1290 2413 1416 2447 uetas.
1531 2419 1564 2444 το

229 2469 310 2513 DE.
343 2470 420 2519 Ita,
446 2471 647 2524 proxumo
673 2469 860 2524 quidem3
886 2471 928 2510 at
954 2483 1028 2510 nos
1053 2468 1188 2509 unde?
1214 2476 1283 2509 aut
1309 2482 1433 2521 quam
1459 2468 1510 2510 ob

792 2532 904 2573 rem?
951 2532 1028 2572 ΡΗ.
1055 2530 1165 2579 Ohe,

342 2595 535 2638 ‘Actum’
562 2595 677 2637 aiunt
704 2599 773 2636 ‘ne
800 2597 926 2648 agas!
984 2593 1066 2634 DE.
1092 2592 1184 2633 Non
1211 2593 1358 2648 agam?
1384 2592 1508 2634 immo

789 2656 902 2698 haud
927 2656 1126 2705 desinam,
