1664 2984
2 496 8 516 -·
0 242 24 476 *mr-var.»

735 191 960 218 PRAEFATIO
1514 187 1528 215 l
1534 186 1565 215 X

139 270 261 313 reptas
304 267 442 302 variato
484 265 639 300 clamore
678 265 712 298 ei
750 263 837 298 vitio
862 262 1369 298 Eunuchuscontaminatione
1377 262 1564 297 confectae

140 313 286 347 dabant.
310 312 357 346 ab
369 311 471 344 initio
485 311 578 344 enim
592 309 695 344 latini
707 313 837 354 poetae
863 313 955 342 sunt.
986 308 1116 343 deinde
1132 318 1216 342 vero
1230 308 1346 343 critici
1358 308 1454 342 illius
1467 312 1564 342 aeta-

137 358 222 392 inde
238 368 261 391 a
274 355 379 391 Livio
395 355 614 398 Andronico,
638 365 718 388 cum
735 365 836 400 grae-
862 353 908 387 tis
930 364 1075 398 prorsus
1098 364 1208 387 novas
1230 364 1298 387 nec
1317 353 1391 387 iam
1415 353 1461 386 ab
1484 353 1566 386 aliis

139 413 199 437 cas
237 401 380 436 fabulas
415 400 526 434 latine
564 403 761 443 verterent,
799 399 837 433 id
862 402 1035 433 tractatas
1067 409 1144 432 esse
1177 398 1309 432 debere
1336 397 1481 432 fabulas
1507 397 1565 432 vel

136 446 359 491 potissimum
380 446 555 491 agebant,
583 449 623 479 ut
645 455 706 478 eas
730 455 836 489 quam
861 448 956 478 totas
972 443 1030 478 vel
1052 447 1174 488 partes
1191 454 1315 477 earum
1331 443 1564 485 dictitabant,

87 491 94 498 '
137 491 288 526 maxime
311 490 458 524 auribus
481 494 517 524 et
532 490 696 524 sensibus
713 489 837 534 populi
862 488 992 532 quibus
1015 488 1120 522 dictis
1143 488 1338 522 Terentius
1360 488 1418 522 vel
1439 499 1566 522 revera

137 536 272 571 romani
286 535 543 581 adaequarent,
560 535 729 569 subtilem
743 545 835 568 com-

135 581 292 626 ponendi
315 585 428 614 artem
450 581 508 614 vel
530 591 645 614 mores
668 590 835 624 persona—

135 638 213 660 rum
235 626 430 671 diligenter
451 629 487 660 et
509 625 751 669 aequabiliter
772 636 837 669 per

135 674 248 706 totam
286 670 448 705 fabulam
485 671 684 715 descriptos
719 670 835 703 minus

136 719 299 751 curantes
310 726 417 760 quam
432 727 492 750 eas
501 716 661 758 virtutes,
672 725 766 759 quae
778 727 834 748 ru—

137 762 234 795 dium
247 765 283 795 et
295 761 547 795 illiteratorum
560 760 742 794 hominum
760 760 834 793 ani-

134 818 210 841 mos
224 806 369 841 allicere
385 811 421 840 et
434 811 580 850 captare
597 810 754 850 possent,
778 816 834 839 ac-

134 852 240 886 tionis
256 851 468 886 varietatem
481 857 517 885 et
530 851 765 890 alacritatem,
783 850 834 884 in-

135 897 264 932 citatos
296 897 489 940 multisque
518 900 554 929 et
587 896 835 941 petulantibus

133 942 221 977 iocis
236 942 458 976 intermixtos
481 952 670 975 sermones.
703 941 835 975 sensim

119 998 217 1026 ‚vero
235 991 270 1021 et
286 987 475 1032 paullatim
496 986 630 1020 iudicio
652 986 834 1020 hominum

134 1033 396 1077 aliquantulum
436 1032 591 1076 expolito
627 1035 663 1065 et
695 1032 834 1065 exculto

133 1078 318 1123 neglectas
330 1078 411 1111 illas
427 1082 536 1111 antea
549 1077 699 1110 virtutes
712 1077 834 1121 magni

134 1123 323 1157 aestimare
355 1126 550 1167 coeperunt-
587 1122 834 1166 imprimisque

134 1167 296 1202 homines
313 1167 409 1202 docti
422 1172 457 1201 et
472 1167 582 1212 quiin
596 1167 725 1201 litteris
738 1168 833 1211 prin-

134 1213 293 1258 cipatum
309 1213 489 1258 quendam
512 1213 580 1246 sibi
603 1212 833 1257 arrogabant,

133 1258 300 1303 flagitare
338 1258 571 1301 insistebant,
616 1262 656 1291 ut
700 1258 834 1291 latinae

134 1304 339 1338 comoediae
372 1303 513 1349 graecis
545 1313 654 1346 quam
682 1303 833 1337 maxime

133 1348 267 1382 similes
285 1349 488 1383 evaderent.
518 1349 604 1382 hinc
616 1359 700 1382 vero
713 1348 834 1393 graeci

133 1393 261 1428 coloris
292 1394 401 1427 nimio
436 1394 554 1427 studio
582 1394 764 1427 occaecati
793 1404 834 1427 eo

133 1439 306 1473 obscurae
324 1439 534 1484 diligentiae
549 1439 674 1481 (Andr.
685 1439 741 1480 21)
754 1449 833 1482 pro-

134 1484 249 1530 gressi
269 1489 367 1528 sunt,
396 1489 436 1518 ut
458 1495 637 1529 quamque
666 1494 835 1529 graecam

133 1529 353 1564 comoediam
370 1530 476 1574 plane
499 1531 679 1574 integram
695 1533 833 1563 verten—

134 1575 217 1609 dam
234 1585 311 1609 esse
328 1585 444 1619 neque
460 1575 570 1608 ullam
588 1574 678 1608 alius
696 1585 833 1608 comoe-

134 1620 216 1654 diae
244 1630 429 1662 scaenam,
458 1620 619 1664 quamvis
647 1622 770 1664 aptam
800 1624 835 1653 et

132 1665 328 1699 venustatis
345 1665 506 1709 plenam,
529 1665 615 1698 addi
637 1664 746 1698 licere
763 1668 833 1698 sta-

130 1714 272 1744 tuerent
279 1711 319 1744 18.
345 1710 536 1744 Terentius
548 1720 632 1744 vero
647 1709 715 1743 etsi
726 1710 765 1743 in
777 1721 831 1743 ce-

131 1755 218 1789 teris
225 1756 329 1789 rebus
337 1766 468 1801 graeca
478 1756 640 1799 exempla
649 1759 704 1788 sat
711 1766 833 1799 presse

132 1801 317 1843 reddebat,
327 1800 603 1835 contaminando
613 1805 745 1844 tamen,
755 1800 832 1834 ubi-

131 1857 271 1890 cunque
288 1857 331 1880 ex
346 1857 384 1880 re
399 1856 476 1880 esse
491 1846 647 1889 rebatur,
665 1856 736 1879 non
753 1846 832 1879 abs-

131 1891 253 1935 tinuit,
290 1895 451 1925 veterum
484 1892 602 1936 potius
634 1894 832 1935 poetarum,

132 1947 240 1981 quam
264 1936 484 1970 aemulorum
507 1937 758 1970 auctoritatem
781 1947 832 1969 se-

131 1986 249 2016 cutus:
283 1986 319 2017 et
345 1982 485 2016 Andria
514 1986 550 2016 et
575 1981 766 2027 Adelphoe
800 1985 834 2015 et

175 2174 298 2210 Novae
317 2175 485 2209 editionis
502 2175 687 2220 parandae
704 2174 830 2208 funda-

130 2224 289 2254 mentum
320 2225 356 2254 et
387 2221 495 2255 debet
533 2225 568 2254 et
605 2224 723 2265 potest
754 2230 831 2253 esse

130 2270 327 2311 apparatus
365 2266 524 2310 criticus,
564 2277 670 2311 quem
707 2266 830 2299 Franc.

164 2382 196 2406 18
215 2381 345 2406 Nimium
358 2381 413 2405 hoc
428 2383 456 2405 et
472 2388 489 2406 a
507 2381 682 2406 rudimentis
695 2380 832 2412 palliatae

131 2415 303 2440 comoediae
327 2415 471 2445 gradatim
502 2422 674 2440 accrescens
705 2415 831 2439 studium

130 2456 250 2480 graecas
282 2449 394 2473 fabulas
425 2455 511 2479 quam
541 2450 668 2474 maxime
704 2449 832 2480 integras

131 2484 221 2507 latine
252 2482 395 2507 reddendi
420 2483 544 2513 primam
571 2483 832 2514 gravissimamque

131 2524 248 2542 causam
273 2516 377 2541 celeris
408 2524 442 2540 ac
473 2523 565 2546 paene
590 2517 759 2547 praecipitis
789 2517 831 2540 111-

862 533 1022 568 fabulam
1030 544 1132 567 suam
1138 543 1268 567 novam
1277 544 1354 567 esse
1360 533 1442 575 (Ad.
1448 533 1468 567 6
1475 537 1564 577 sqq.)

862 579 918 612 vel
946 590 984 613 se
1012 579 1204 613 nescivisse
1232 579 1427 623 respondet
1454 578 1566 612 alium

862 627 1006 668 poetam
1038 624 1164 658 eadem
1196 623 1269 657 iam
1306 623 1431 657 fabula
1461 635 1566 657 usum

862 680 939 703 esse
954 669 1057 710 (Eun.
1074 670 1116 702 19
1132 674 1236 713 sqq),
1255 668 1359 703 simul
1373 669 1565 702 ostendens

861 713 921 757 (ib.
952 715 1006 748 27.
1038 714 1081 748 35
1110 720 1201 758 sqq.)
1233 714 1323 747 nihil
1355 714 1497 758 peccati
1527 713 1565 747 in

861 769 902 792 eo
919 759 1038 793 inesse
1061 758 1129 792 sibi
1147 759 1273 801 videri,
1297 759 1393 803 quod
1417 758 1566 793 eaedem

860 815 1014 849 graecae
1037 804 1183 838 fabulae
1208 809 1270 838 aut
1298 809 1420 849 partes
1443 815 1566 838 earum

860 860 881 883 a
904 849 1054 883 diversis
1077 849 1197 883 latinis
1221 850 1337 894 poetis
1354 853 1562 883 tractentur.

861 895 889 927 si
912 899 1103 939 praeterea
1120 894 1240 932 (Phor.
1255 896 1288 936 5)
1311 894 1511 929 adversarii
1532 894 1567 928 ei

860 939 1113 974 obtrectabant
1153 940 1313 974 ‘fabulas
1351 940 1451 974 tenui
1484 950 1563 973 esse

860 985 1020 1018 oratione
1037 988 1071 1018 et
1084 985 1261 1029 scriptura
1274 984 1369 1027 leni‚’
1385 985 1425 1019 id
1436 984 1565 1030 tetige-

859 1034 953 1073 runt,
984 1030 1082 1073 quod
1103 1050 1149 1055 —-
1171 1030 1252 1063 aliis
1279 1030 1401 1064 verbis
1430 1030 1566 1064 dietum

860 1079 969 1118 atque
1008 1076 1126 1108 minus
1165 1075 1325 1120 maligne
1358 1096 1400 1100 —
1429 1075 1566 1119 posteri

860 1131 1002 1165 quoque
1032 1120 1148 1154 minus
1180 1121 1401 1154 laudandum
1428 1121 1467 1154 111
1494 1121 1565 1154 Το-

859 1166 975 1199 1011110
990 1176 1066 1199 0550
1082 1166 1290 1199 censebant.
1320 1165 1455 1200 sedatis
1470 1166 1566 1200 enim

859 1211 1015 1244 motibus
1033 1215 1068 1244 et
1086 1210 1221 1245 reiecta
1238 1211 1441 1256 graviorum
1457 1211 1565 1245 affec-

859 1259 959 1290 tuum
982 1256 1232 1299 concitatione,
1258 1256 1331 1290 leni
1354 1257 1566 1301 plerumque

861 1306 897 1335 et
932 1301 1115 1345 aequabili
1154 1301 1301 1336 flumine
1341 1312 1457 1335 sermo
1490 1302 1566 1335 01115

860 1346 1004 1389 labitur,
1024 1346 1076 1380 ita
1094 1350 1135 1379 ut
1148 1346 1264 1381 Varro
1279 1346 1449 1388 (Gell.V1
1465 1347 1517 1390 14,
1532 1348 1565 1390 6)

861 1403 941 1426 011111
963 1396 1003 1425 ut
1021 1392 1202 1436 exemplar
1215 1392 1414 1437 probabilis
1430 1392 1564 1426 medio-

861 1437 996 1471 critatis
1011 1437 1156 1470 afferat:
1170 1436 1308 1479 ἤθεσιιν,
1318 1449 1388 1471 non
1404 1439 1565 1471 πάθεσιν

860 1482 1069 1516 excellebat.
1104 1493 1185 1516 cum
1202 1493 1247 1517 ne
1265 1483 1402 1517 comica
1420 1482 1566 1527 quidem

859 1527 924 1569 vis,
955 1538 1046 1571 quae
1070 1527 1212 1571 dicitur,
1241 1528 1279 1561 in
1307 1539 1349 1562 eo
1373 1527 1566 1573 singularis

860 1577 956 1606 esset
1001 1576 1036 1606 et
1083 1583 1216 1617 graeca
1256 1573 1421 1618 exempla
1460 1574 1565 1606 nimis

859 1618 963 1651 anxie
977 1629 1139 1662 premere
1154 1618 1348 1662 videretur,
1362 1618 1563 1653 aVolcacio

861 1662 1024 1708 Sedigito
1037 1663 1074 1696 in
1087 1674 1223 1697 canone
1238 1664 1363 1698 decem
1377 1667 1566 1708 poetarum

860 1708 1031 1752 palliatae
1056 1709 1263 1743 comoediae
1288 1714 1408 1743 sextus
1425 1712 1566 1743 tantum

858 1754 956 1787 locus
971 1754 1003 1787 ei
1016 1753 1203 1797 tribuitur,
1221 1757 1259 1787 at
1276 1754 1382 1788 valde
1396 1755 1565 1788 laudatur

860 1811 880 1833 a
898 1797 1070 1833 Cicerone
1089 1803 1125 1833 et
1143 1798 1298 1833 Caesare
1320 1803 1468 1844 propter
1494 1800 1563 1834 ele-

859 1844 1021 1889 gantiam
1050 1856 1092 1878 ac
1115 1844 1311 1889 puritatem
1340 1845 1563 1889 5011110111519,

859 1894 967 1934 atque
985 1889 1158 1923 Horatius
1181 1901 1304 1924 omnes
1322 1890 1397 1924 eius
1414 1890 1563 1925 virtutes

858 1946 928 1968 uno
956 1935 1066 1968 verbo
1089 1935 1397 1980 comprehendens
1419 1936 1470 1971 ait
1492 1936 1563 1971 Te-

858 1980 1013 2015 rentium
1031 1987 1105 2014 arte
1121 1980 1265 2016 vincere
1283 1981 1365 2015 dici.

864 2172 1095 2217 Umpfenbaclz
1137 2174 1174 2207 in
1219 2173 1376 2208 editione
1414 2174 1563 2209 Terenti

857 2218 1027 2257 (Berolini
1039 2219 1138 2261 1870)
1146 2229 1279 2263 magna
1293 2230 1372 2253 cum
1386 2219 1563 2254 industria

857 2263 913 2297 vel
942 2274 1005 2297 sua
1032 2263 1147 2309 ipsius
1175 2265 1233 2298 vel
1257 2264 1453 2299 amicorum
1481 2276 1561 2301 con-

858 2380 983 2405 beretur.
1027 2378 1171 2404 Similiter
1195 2379 1231 2404 de
1255 2386 1290 2405 ea
1313 2387 1346 2405 re
1371 2380 1406 2406 G.
1431 2381 1563 2407 Boissier

858 2413 936 2445 (Mel.
951 2414 1052 2439 Graux
1071 2421 1097 2444 p.
1111 2414 1212 2438 79—86
1232 2412 1289 2438 ‘Les
1303 2413 1449 2445 proloyues
1467 2415 1501 2440 de
1514 2415 1562 2440 Τέ-

858 2447 960 2479 rcnce')
980 2448 1139 2478 disputavit
1157 2447 1213 2472 duo
1238 2454 1347 2478 genera
1365 2452 1561 2479 spectatorum

858 2483 1057 2507 Romanorum
1076 2482 1165 2505 fuisse
1185 2488 1344 2512 exponens,
1364 2483 1561 2509 litteratorum

859 2519 886 2540 et
905 2523 921 2540 a
940 2516 1045 2540 litteris
1066 2516 1227 2546 studiisque
1245 2517 1359 2547 graecis
1379 2524 1498 2548 prorsus
1512 2519 1561 2543 ab·

129 2551 233 2576 teritus
247 2551 308 2575 eius
322 2551 417 2581 poesis
430 2551 546 2579 generis
559 2551 646 2575 fuisse
660 2552 738 2581 puto.
764 2557 833 2574 nam
858 2550 1050 2574 horrentium.

131 2592 196 2609 cum
210 2585 322 2615 proprii
340 2585 453 2615 ingenii
466 2584 672 2609 additamentis
691 2585 833 2615 novisque

892 2587 923 2608 13³
947 2584 992 2608 De
1017 2584 1195 2614 proprietate
1219 2584 1392 2609 Terentiani
1417 2587 1562 2611 sermonis

129 2619 381 2643 incrementorum
396 2618 549 2643 elementis
562 2618 606 2642 illi
620 2619 650 2642 in
664 2618 726 2642 dies
741 2619 833 2648 magis
859 2618 950 2649 deque
963 2620 1095 2642 veterum
1109 2618 1140 2641 in
1154 2624 1189 2642 ea
1196 2624 1226 2641 re
1234 2618 1412 2643 testimoniis
1419 2620 1561 2649 v.Engel-

130 2653 213 2683 qnasi
238 2652 337 2677 dedita
362 2659 449 2682 opera
470 2654 607 2683 certoque
627 2652 750 2676 consilio
770 2652 833 2676 abs·
859 2651 969 2681 breem,
996 2651 1078 2676 Stud.
1104 2652 1171 2676 Ter.
1201 2658 1229 2682 p.
1255 2653 1268 2676 7
1294 2659 1355 2683 sqq.
1391 2654 1437 2678 De
1461 2654 1562 2679 indole

130 2687 268 2715 tinerent,
283 2686 346 2711 fieri
358 2693 418 2710 non
437 2686 539 2716 potuit,
554 2686 624 2716 quin
637 2688 729 2710 totum
743 2693 833 2716 genus
859 2685 1046 2716 moribusque
1064 2687 1168 2715 poetae
1188 2688 1215 2710 et
1236 2685 1271 2709 de
1292 2686 1353 2711 eius
1366 2688 1482 2718 scriptis
1496 2689 1561 2713 sub-

131 2721 189 2745 cito
209 2722 355 2745 aresceret
374 2722 403 2744 et
422 2720 452 2744 in
465 2727 504 2752 50,
525 2722 556 2744 ut
568 2720 609 2744 ita
623 2720 727 2750 (licam,
748 2719 833 2744 colla·
859 2719 950 2743 tiliter
963 2719 1059 2750 Bergk
1076 2720 1106 2744 111
1120 2719 1196 2744 Phil.
1211 2719 1278 2746 XVI
1291 2720 1339 2745 629
1351 2728 1393 2753 sq.
1407 2721 1527 2747 iudicat.
