1700 2984
35 158 81 203 V,
99 160 118 193 1
420 156 664 193 HEAVTON
690 156 1053 193 TIMORVMENOS
1320 147 1373 188 89

212 239 295 281 Die
335 237 453 288 mihi,
502 236 810 340 Clinianquae
847 237 932 278 dixi
973 236 1223 278 nuntiastin?
1284 237 1372 277 ΜΕ.

703 314 827 341 mma.

102 362 181 406 Cn.
212 362 326 415 Quid
359 362 439 403 ai't?
484 361 572 402 ΜΕ.
605 360 802 403 Gaudere
831 361 935 403 adeo
971 361 1118 416 eoepit,
1154 360 1273 415 quz'tsi
1302 360 1373 414 qui
1397 364 1465 399 885

656 423 828 477 eupiunt
851 423 1028 478 nuptias.

74 484 179 543 ὈΗ.
210 485 428 528 Heihahae.
485 485 574 526 ΜΕ.
612 484 727 537 Quid
757 485 906 526 risisti?
961 483 1038 526 CH.
1071 482 1192 526 Serui
1221 485 1373 525 uenere

657 547 699 587 in
725 548 906 587 mentem
932 545 1027 601 Syri

212 608 484 651 Calliditates.
549 608 637 651 ΜΕ.
679 595 824 650 ltane?
888 607 967 649 Cn.
1013 608 1163 650 Voltus
1209 608 1374 661 quoque

656 669 870 711 hominum
894 670 1013 724 fingit
1039 669 1184 710 scelus.

49 746 81 772 15
99 733 187 775 ΜΕ.
216 732 378 775 Gnatus
391 732 504 787 quod
526 747 570 774 se
588 732 809 774 adsimulat
829 732 997 782 laetum,
1011 732 1053 772 id
1067 731 1192 772 diois?
1218 729 1295 772 Cn.
1311 731 1373 771 Id.

654 795 742 835 ΜΕ.
775 794 895 836 Idem
919 795 1026 835 istuc
1049 793 1151 834 mihi

211 858 338 902 Venit
362 857 403 898 in
428 857 621 900 mentem.
666 855 744 898 CH.
771 857 1001 899 Veterator.
1044 855 1131 897 ΜΕ.
1160 854 1315 910 Μάςίε,
1343 854 1375 895 si

219 969 228 981 θ
656 918 790 974 magis
815 921 939 967 noris,
966 925 1086 973 putes

210 982 275 1024 Ita
299 997 387 1024 rem
410 996 513 1024 esse.
546 980 624 1023 Cn.
646 981 732 1021 Ain
757 981 826 1021 tu?
856 981 944 1021 ΜΕ.
966 980 1080 1033 Quin
1105 987 1150 1021 tu
1175 979 1374 1020 ausculta.
1399 983 1467 1017 890

659 1041 737 1084 CH.
756 1043 885 1085 Mane
905 1046 1012 1093 dum,
1037 1042 1116 1084 hoe
1139 1042 1252 1097 prius
1272 1041 1376 1082 seire

657 1107 820 1160 expeto,

210 1168 325 1222 Quid
360 1167 599 1224 perdideris.
647 1183 744 1208 nam
780 1168 853 1208 ubi
889 1168 1137 1223 desponsam
1179 1166 1377 1207 nuntiasti

656 1229 757 1279 filio,

210 1292 418 1336 Continuo
460 1292 648 1334 iniecisse
696 1292 827 1334 uerba
873 1292 947 1333 tibi
990 1291 1249 1333 Dromonem
1298 1292 1377 1332 sei-

657 1355 765 1404 lieet,

46 1433 80 1458 20
211 1418 398 1474 Sponsae
422 1424 581 1458 uestem
607 1432 754 1458 aurum
785 1419 910 1470 §.tque
935 1416 1104 1458 ancillas
1137 1417 1241 1470 opus
1266 1430 1374 1457 esse:

658 1486 877 1534 argentum
902 1480 946 1520 ut
971 1479 1103 1520 dares.

96 1543 184 1585 ΜΕ.
209 1543 316 1585 Non.
366 1542 443 1583 Cn.
476 1541 616 1593 Quid?
651 1542 759 1583 non?
811 1542 899 1583 ΜΕ.
930 1541 1026 1582 Non
1055 1543 1238 1595 inquam.
1297 1538 1375 1581 CH.

654 1603 803 1658 Neque
838 1604 926 1659 ipse
961 1604 1137 1658 gnzitus?
1183 1602 1272 1643 ΜΕ.
1305 1602 1376 1643 Nil

655 1667 858 1721 prorsum,
886 1664 1098 1707 Chremes.

207 1729 349 1785 Magis
373 1744 503 1770 unum
529 1728 654 1770 etiam
684 1729 851 1778 instare,
883 1736 928 1769 ut
952 1728 1077 1769 hodie
1109 1727 1377 1768 conficiantur
1400 1731 1467 1766 895

658 1791 839 1846 nuptiae.

98 1853 176 1897 Cn.
207 1855 320 1895 Mira
355 1869 507 1895 narras.
552 1853 651 1907 quid
689 1853 822 1907 Syrus
863 1853 1005 1894 meus?
1046 1868 1099 1893 ne
1137 1852 1172 1893 is
1209 1851 1377 1906 quidem

655 1916 905 1970 quiequam?
951 1916 1039 1956 ΜΕ.
1072 1915 1198 1955 Nihil.

99 1978 175 2022 Cn.
209 1979 350 2032 Quam
375 1979 426 2020 ob
451 1994 551 2028 rem,
577 1979 730 2020 neseio.
784 1979 872 2020 ΜΕ.
906 1967 1115 2031 Equidem
1139 1977 1278 2026 miror,
1304 1976 1375 2030 qui

653 2040 736 2082 eilia
759 2048 843 2082 tam
868 2041 989 2095 plane
1015 2039 1133 2080 scias.

45 2115 79 2141 25
211 2102 296 2144 sed
332 2103 399 2144 ille
431 2110 545 2144 tuom
577 2104 743 2156 quoque
776 2101 909 2157 Syrus
941 2102 1091 2143 eisdem
1122 2102 1226 2143 mire
1257 2100 1375 2141 finxit

656 2165 806 2214 filium,

206 2214 265 2269 Vt
284 2242 336 2269 ne
353 2227 568 2282 paululum
588 2227 755 2281 quidem
777 2227 939 2268 subolat
966 2227 1055 2268 esse
1075 2225 1251 2267 amicam
1269 2224 1378 2266 hane

657 2288 830 2331 Cliniae.

99 2352 176 2395 Cn.
209 2352 322 2404 Quid
355 2352 464 2407 agit?
517 2352 605 2392 ΜΕ.
637 2352 763 2393 Mitto
798 2352 881 2392 iam
917 2351 1092 2392 oseulari
1131 2357 1255 2404 atque
1290 2352 1377 2390 zim-
1400 2356 1468 2390 900

658 2414 834 2469 plexari:
865 2413 908 2455 id
932 2414 989 2454 nss
1014 2420 1126 2468 puto.

99 2478 175 2520 CH.
209 2477 323 2530 Quid
366 2484 428 2519 est
464 2477 575 2531 quod
618 2477 794 2532 amplius
838 2476 1075 2518 simuletur?
1134 2476 1221 2515 ΜΕ.
1265 2475 1374 2517 νεὼ.

226 2591 232 2600 7
656 2537 734 2580 Cn:
751 2538 866 2590 Quid
886 2539 972 2580 est?
999 2538 1087 2578 ME.
1104 2538 1218 2578 Audi
1239 2538 1374 2578 modo.

208 2602 284 2643 Est
310 2601 366 2642 mi
389 2601 431 2642 in
457 2601 610 2642 ultimis
636 2601 834 2643 conclaue
853 2601 954 2642 hisce
973 2599 1145 2642 aedibus
1165 2600 1375 2654 quoddam

654 2671 782 2704 retro:
