1700 2984
101 147 170 193 111,
187 149 207 183 1

117 426 150 452 55

114 799 147 824 60

112 1483 145 1508 70

113 1795 146 1821 75

113 2171 145 2196 80

164 787 252 827 ME.

162 2222 250 2262 th.

166 2283 242 2325 CH.

163 2473 251 2514 ΜΕ.

493 146 739 184 HEAVTON
763 145 1130 183 'PIMORVMENOS
1395 137 1446 179 71

279 227 428 271 Omnis
453 227 646 270 sollicitos
670 227 828 277 habuit,
853 235 978 282 atque
1002 227 1106 269 haec
1128 228 1213 269 una
1238 243 1334 269 nox.

281 291 397 343 Quid
421 291 462 332 te
486 290 675 331 futurum
700 290 857 339 censes,
883 304 1007 344 quem
1032 290 1205 331 adsidue
1231 290 1432 332 exedent?

281 353 353 395 Sic
377 352 443 394 me
467 352 509 393 di
534 352 748 401 amabunt,
770 353 816 393 ut
840 367 908 394 me
931 359 1097 394 tuarum
1122 352 1403 402 miseritumst‚

279 414 544 463 Menedeme‚
568 414 843 455 fortunarum.
901 414 990 455 ME.
1014 414 1160 455 Faciat
1185 414 1419 468 quidlubet:

281 476 431 518 Sumat
455 484 672 518 consumat
695 476 855 531 perdat,
881 477 1134 518 decretumst
1158 477 1256 532 pati,
1471 481 1539 516 465

277 539 394 580 Dum
423 538 542 580 illum
571 538 695 579 modo
724 538 900 580 habeam
930 540 1107 580 mecum.
1168 536 1245 580 Cn.
1285 538 1332 580 Si
1361 554 1448 581 cer—

729 601 854 642 tumst
881 601 954 641 tibi

280 662 353 704 Sic
377 663 527 712 facere,
552 662 655 704 illud
678 663 894 717 permagni
919 678 962 704 re
986 663 1094 704 ferre
1118 662 1307 713 arbitror,

278 726 337 768 Vt
361 727 412 766 ne
438 725 636 766 scientem
661 724 811 766 sentiat
836 733 875 766 te
899 725 942 765 id
967 725 1045 766 sibi
1071 725 1181 766 dare.

279 786 394 839 Quid
430 787 606 829 faciam?
670 785 746 828 CH.
784 785 964 856 Quiduis
1000 787 1137 842 petius
1174 802 1298 841 quam
1336 788 1447 842 quod

277 910 362 952 Per
384 911 512 952 alium
536 849 907 965 quemuisssssfflgzz
933 911 1020 952 falli
1046 910 1086 952 te
1111 911 1222 952 sinas
1471 912 1538 947 470

276 973 472 1015 Techz'nis
497 988 571 1028 per
596 973 824 1022 seruolum3
850 973 927 1014 etsi
951 973 1142 1015 subsensi
1164 974 1208 1014 id
1233 989 1412 1028 quoque,

276 1036 376 1077 Illes
400 1035 459 1076 ibi
483 1051 586 1085 esse,
611 1035 654 1076 id
678 1037 803 1091 agere
827 1036 934 1077 inter
958 1050 1002 1076 se
1028 1035 1275 1077 clanculum.

278 1098 410 1153 Syrus
436 1113 531 1139 cum
554 1098 624 1139 illo
648 1105 789 1139 uostro
815 1099 1123 1147 censusurrant,
1149 1098 1368 1141 cenferunt

278 1159 463 1201 Consilia
488 1161 541 1201 ad
564 1160 841 1202 adulescentis
850 1176 860 1209 ;
886 1168 927 1202 et
951 1160 1026 1201 tibi
1050 1161 1222 1216 perdere

275 1222 501 1264 Talentum
524 1222 602 1264 hoc
626 1230 749 1278 pacto
775 1223 904 1264 satius
935 1230 995 1264 est
1020 1237 1146 1277 quam
1176 1223 1245 1265 ille
1278 1224 1444 1266 minam.
1469 1231 1536 1266 475

277 1285 374 1326 Non
398 1286 509 1326 nunc
533 1285 710 1340 pecunia
734 1285 883 1340 agitur,
909 1285 982 1326 sed
1006 1285 1110 1326 illud
1134 1287 1218 1339 que
1243 1286 1367 1328 modo

275 1347 469 1389 Minumc')
495 1348 650 1403 periclo
674 1347 717 1388 id
743 1348 888 1388 demus
914 1348 1236 1389 adulescentulo.

276 1410 387 1451 Nam
413 1411 446 1451 si
472 1410 599 1451 semel
624 1417 738 1451 tuom
763 1410 949 1451 animum
973 1410 1041 1451 ille
1066 1411 1326 1461 intellexerit,

276 1473 400 1514 Prius
425 1473 685 1528 prediturum
711 1474 750 1513 te
776 1480 893 1513 tuam
919 1473 1050 1513 uitam
1074 1474 1113 1514 et
1138 1474 1252 1528 prius

275 1535 504 1577 Pecuniam
519 1551 696 1585 omnem,
711 1550 836 1589 quam
851 1535 979 1577 abste
1000 1536 1164 1577 amittas
1186 1536 1337 1578 filium:
1359 1537 1443 1587 hui,
1468 1543 1536 1578 480

277 1597 492 1650 Quantam
516 1599 742 1640 fenestram
768 1598 820 1639 ad
845 1598 1073 1652 nequitiem
1098 1599 1358 1654 patefeceris,

277 1660 374 1701 Tibi
398 1661 536 1703 autern
562 1675 684 1716 porro
710 1668 756 1701 ut
780 1662 864 1702 nen
890 1661 943 1702 sit
968 1676 1097 1703 suaue
1122 1662 1284 1703 uiuere!

274 1722 385 1764 Nam
410 1723 634 1765 deteriores
659 1723 802 1764 emnes
829 1738 971 1764 sumus
996 1723 1174 1765 licentia.

276 1783 424 1840 [Quod
466 1786 647 1840 quoique
688 1800 899 1840 quomque
935 1786 1124 1827 inciderit
1164 1787 1206 1827 in
1249 1794 1443 1838 mentem,

726 1848 851 1897 uolet,

275 1910 422 1964 Neque
447 1910 491 1951 id
515 1910 677 1966 putabit
701 1925 875 1965 prauom
900 1926 952 1951 an
978 1918 1134 1952 rectum
1161 1912 1231 1953 sit:
1259 1912 1402 1968 petet.]
1468 1924 1535 1959 485

276 1972 344 2014 Tu
368 1974 455 2013 rem
481 1973 613 2028 perire
639 1981 676 2014 ct
701 1975 838 2028 ipsum
861 1988 944 2014 non
970 1976 1122 2028 poteris
1149 1974 1252 2028 pati:

275 2035 389 2077 Dare
414 2035 652 2091 denegaris:
678 2036 754 2077 ibit
781 2036 834 2077 ad
858 2036 961 2077 illud
983 2037 1090 2083 ilico,

276 2097 373 2150 Quo
396 2100 591 2140 maxume
617 2099 729 2153 apud
754 2105 793 2140 te
818 2099 861 2139 se
887 2098 1026 2139 ualere
1051 2099 1217 2140 sentiet:

276 2159 504 2201 Abiturum
530 2176 572 2202 se
598 2161 671 2201 abs
697 2168 738 2202 te
764 2175 853 2202 esse
878 2161 972 2201 ilico
997 2161 1234 2202 minabitur.

278 2222 432 2264 Videre
457 2238 557 2264 uera
581 2230 704 2277 atque
728 2224 786 2264 ita
810 2223 870 2264 uti
894 2238 959 2264 res
985 2231 1045 2264 est
1070 2223 1219 2265 dicere.
1468 2232 1535 2266 490

275 2284 479 2327 Somnum
514 2286 651 2328 hercle
689 2301 767 2341 ego
803 2286 882 2327 hac
916 2293 1037 2328 nocte
1073 2287 1202 2328 eculis
1239 2302 1322 2328 non
1357 2287 1444 2329 uidi

723 2349 840 2398 meis,

276 2410 393 2451 Dum
416 2411 459 2452 id
483 2413 651 2465 quaero,
677 2412 752 2453 tibi
777 2412 847 2466 qui
872 2412 1006 2454 filium
1031 2414 1302 2455 restituerem.

279 2471 396 2515 Cedo
439 2474 645 2516 dextram:
695 2490 817 2530 porro
859 2477 899 2516 te
940 2475 1050 2516 idem
1094 2490 1165 2516 oro
1213 2484 1259 2517 ut
1300 2477 1443 2526 facias,

725 2536 938 2579 Chremes.

114 2610 146 2635 85
167 2596 243 2639 CH.
277 2598 454 2640 Paratus
493 2615 595 2641 sum.
665 2601 750 2641 Mn.
802 2599 901 2642 Scin
944 2601 1043 2654 quid
1085 2616 1194 2643 nunc
1232 2602 1367 2645 facere
1405 2604 1442 2646 te

725 2663 844 2704 uolo?
