1700 2984
272 143 352 186 180
790 154 1019 190 PfloRMlo
1533 158 1578 204 v,
1596 158 1615 194 1

583 296 879 339 SOPHRONA
967 296 1227 341 CHREMES

654 369 796 395 Nv‘rmx
1038 369 1161 396 smmx

269 420 341 463 So.
374 420 488 473 Quid
514 423 661 476 agam?
692 436 817 476 quem
842 422 898 463 mi
929 423 1108 464 amicum
1133 423 1345 466 inueniam
1370 426 1615 470 misera?v‚1

829 492 900 525 aut
924 499 1006 539 quo
1031 486 1202 528 consilia
1220 486 1323 529 haec
1345 488 1547 529 referam?

382 546 471 586 Aut
496 546 607 587 unde
633 546 832 587 auxilium
856 548 1019 602 petam?

179 618 244 653 730
382 608 491 648 Nam
516 623 676 658 uereor,
703 624 773 650 era
797 624 848 651 ne
872 609 924 650 ob
948 625 1089 652 meum
1113 626 1281 653 suasum
1303 612 1547 668 indignain-

392 719 399 731 ‚
830 671 935 713 iuria
958 672 1193 714 adficiatur:

381 732 447 774 Ita
471 741 632 788 patrem
658 733 934 775 adulescentis
959 734 1070 776 facta
1093 735 1196 777 haec
1227 737 1400 779 tolerare
1425 738 1547 779 audio

827 797 1042 840 uiolenter.

269 855 346 898 CH.
378 858 486 898 Nzim
512 872 619 911 quae
643 858 746 900 haec
771 874 874 900 anus
900 867 974 908 est,
999 861 1233 902 exanimata
1253 877 1276 902 a
1295 861 1421 903 fratre
1441 876 1547 916 quae
1583 875 1599 900 5

827 923 1036 977 egressdst
1059 924 1177 964 meo?
1214 946 1218 952 ·

267 982 338 1024 So.
372 981 499 1034 Quod
525 990 569 1024 ut
596 983 776 1025 facerem
797 992 962 1040 egestas
980 1000 1048 1026 me
1066 985 1228 1041 inpulit,
1254 1000 1379 1040 quom
1400 988 1546 1028 scirem

827 1047 1010 1088 infirmas
1036 1048 1201 1103 nuptias

379 1108 521 1148 Hasce
553 1108 656 1157 esse,
688 1115 734 1149 ut
764 1108 807 1150 id
838 1110 1111 1159 consfflerem,
1141 1110 1299 1152 interea
1323 1112 1410 1152 uita
1433 1118 1479 1152 ut
1502 1111 1545 1152 in

826 1172 915 1212 tuto
939 1172 1054 1213 foret.

174 1241 240 1277 735
266 1230 343 1273 Cn.
376 1230 500 1273 Certe
538 1233 705 1287 edepol,
741 1233 821 1274 nisi
857 1249 923 1275 me
959 1235 1122 1276 &inimus
1158 1235 1264 1276 fallit
1300 1236 1370 1277 aut
1398 1251 1546 1291 parum

824 1297 1082 1352 prospiciunt
1106 1298 1228 1348 oculi,

375 1357 502 1400 Meae
527 1358 729 1400 nutricem
755 1361 906 1415 gnatae
930 1360 1066 1401 uideo.
1118 1359 1190 1402 So.
1220 1361 1366 1415 Neque
1389 1361 1459 1403 ille
1483 1361 1545 1402 in-

823 1422 1068 1477 uestigatun
1096 1421 1173 1464 CH.
1200 1421 1317 1475 Quid
1341 1424 1444 1479 ago?

264 1482 336 1524 So.
369 1482 454 1535 Qui
480 1483 540 1523 est
566 1483 655 1524 eius
681 1491 811 1539 pater.
863 1481 940 1525 Cn.
966 1472 1103 1534 Adeo,
1130 1500 1293 1535 maneo,
1319 1486 1418 1526 dum
1441 1485 1543 1527 hacc
1564 1499 1596 1523 10

825 1560 933 1600 quae
957 1547 1140 1601 loquitur
1157 1548 1292 1603 magis
1312 1549 1544 1604 cognosco?

263 1608 335 1650 So.
368 1608 492 1660 Quod
518 1608 551 1649 si
578 1624 672 1650 eum
697 1623 809 1650 nuno
834 1611 1014 1665 reperire
1033 1611 1205 1665 possim,
1230 1611 1331 1652 nihil
1353 1619 1413 1652 est
1433 1611 1544 1666 quod

773 1701 775 1703 ·
823 1675 982 1714 uerezir.
1033 1671 1112 1714 CH.
1143 1673 1248 1714 East
1271 1674 1378 1729 ipsa:

375 1733 626 1788 Conloquar.
667 1733 736 1776 So.
759 1733 865 1787 Quis
884 1735 1174 1796 hiclloquitur‘?
1207 1734 1284 1777 Cn.
1309 1735 1541 1792 Sophrona.

829 1796 901 1840 So.
932 1798 989 1839 Et
1007 1813 1147 1840 meum
1166 1813 1318 1841 nomen
1337 1800 1543 1840 nominat?

171 1869 236 1904 740
261 1858 338 1901 Cn.
370 1859 547 1914 Respice
579 1860 631 1900 ad
662 1875 740 1902 me.
805 1859 877 1902 So.
914 1860 972 1901 Di
1003 1861 1173 1902 obsecro
1203 1875 1298 1909 uos,
1330 1863 1446 1903 estne
1476 1862 1543 1903 hic

824 1921 982 1978 Stilpo?
1020 1922 1097 1964 Cn.
1116 1924 1221 1965 Non.
1259 1923 1332 1966 So.
1352 1925 1516 1980 Negas?

261 1984 338 2026 Cn.
372 1984 566 2026 Concede
603 1984 699 2025 hinc
730 1999 754 2025 a
784 1984 941 2026 foribus
977 1986 1149 2040 paulum
1179 1987 1371 2028 istorsum
1407 1987 1541 2036 sodes,

828 2046 1058 2103 Sophrona.

370 2111 433 2152 Ne
453 2125 519 2151 me
532 2111 636 2151 istoc
650 2109 824 2165 posthac
837 2111 1001 2152 nomine
1021 2111 1274 2166 appellzissis.
1309 2111 1381 2154 So.
1404 2112 1542 2164 Quid?
1561 2124 1594 2151 15

825 2187 909 2213 non
933 2174 1102 2215 obsecro
1129 2189 1171 2215 es

379 2235 518 2287 Quem
532 2236 695 2290 semper
714 2243 753 2276 te
773 2250 862 2276 esse
877 2236 1096 2277 dictitasti?
1128 2235 1205 2277 Cn.
1227 2235 1303 2278 St‘.
1334 2235 1405 2279 So.
1428 2236 1543 2289 Quid

825 2297 899 2339 has
924 2295 1072 2340 metuis
1097 2298 1232 2340 fores?

263 2361 340 2404 Cn.
375 2361 628 2403 Conclusam
643 2360 709 2401 hic
729 2359 864 2402 habeo
877 2362 1046 2402 uxorem
1061 2376 1244 2402 saeuam.
1275 2362 1422 2402 uerum
1440 2361 1542 2403 istoc

825 2439 890 2464 me
915 2423 1079 2465 nomine

172 2496 237 2532 745
375 2486 439 2527 Eo
465 2488 683 2542 pe'rperam
709 2487 807 2528 olim
831 2485 930 2535 dixi,
961 2501 1013 2528 ne
1044 2501 1118 2528 uos
1144 2486 1249 2528 forte
1274 2486 1540 2541 inprudentes

824 2548 923 2589 foris

374 2611 623 2654 Effuttiretis
659 2614 784 2667 {itque
815 2611 857 2652 id
888 2626 1009 2666 porro
1042 2611 1181 2666 aliqua
1216 2613 1321 2653 uxor
1357 2626 1449 2653 mea
1479 2626 1542 2653 re-

822 2676 1025 2716 scisceret.
