1700 2984
97 176 166 222 111,
183 178 214 212 ρ.
234 178 255 212 3
669 175 938 213 EVNVCHVS
1364 163 1440 206 1521

279 259 374 299 Vna
396 259 455 299 ire
480 272 574 299 cum
601 258 734 298 amica
758 259 1048 312 imperatorem
1075 257 1115 297 in
1141 256 1223 297 uia.
1467 256 1534 290 495

165 320 268 360 Tan.
285 320 400 372 Quid
425 320 498 360 tibi
524 334 602 374 ego
627 320 758 360 multa
783 320 943 360 dicam?
968 319 1122 360 domini
1149 318 1291 358 similis
1318 332 1373 358 es.

167 380 247 423 GN.
280 382 496 422 Hahahae.
569 381 673 422 TER.
717 380 832 432 Quid
868 381 1001 422 rides?
1063 379 1143 422 GN.
1182 368 1295 421 I'stuc
1331 379 1443 433 quod

725 443 827 483 dixti
855 443 996 492 modo3

51 559 56 564 Ι
111 515 146 541 45
276 505 331 546 Et
368 506 469 546 illud
513 505 563 546 de
606 504 772 545 Rhodio
815 505 970 545 dictum
1013 518 1138 558 quom
1181 504 1222 544 in
1263 504 1442 544 mentem

725 575 849 607 uenlt.

277 628 361 670 Sed
392 628 520 669 Thais
558 628 653 669 exit.
719 628 823 669 THR.
861 616 948 669 Abi
986 642 1104 684 prae,
1148 641 1247 669 cura
1283 634 1327 667 ut
1364 627 1443 667 sint

724 691 836 731 domi

274 753 440 794 Parata.
501 751 582 795 GN.
608 752 717 794 Fiat.
744 778 797 782 —-—
822 753 901 794 ΤΗ.
927 752 1177 807 Diligenter,
1202 751 1392 806 Pythias,
1468 754 1535 788 500

275 816 360 856 Fac
386 816 518 864 cures,
545 815 578 855 si
604 813 806 857 Chremes
831 815 910 857 hoc
934 815 1041 856 forte
1066 814 1293 864 aduenerit,

274 877 333 919 Vt
365 879 470 926 ores,
508 877 688 932 primum
725 886 770 918 ut
806 878 966 926 redeat3
1004 877 1037 918 si
1072 877 1114 918 id
1149 891 1232 917 non
1262 878 1445 918 commo·-

725 940 877 989 dumst,

112 1014 145 1039 50
277 1002 334 1044 Vt
359 1003 545 1051 maneam
572 1002 605 1042 si
630 1002 671 1042 id
697 1017 779 1043 non
804 1002 968 1056 poterit,
995 1002 1048 1042 ad
1073 1016 1138 1043 me
1164 1000 1371 1042 adducito.

163 1064 236 1105 ΡΥ.
272 1065 334 1104 Ita
359 1064 521 1105 faciam.
581 1064 661 1105 ΤΗ.
696 1064 835 1115 Quid?
871 1064 973 1117 quid
1003 1064 1115 1104 {iliud
1147 1064 1260 1104 uolui
1286 1064 1446 1105 dicere?

276 1126 424 1175 Ehem,
450 1127 590 1167 clirate
616 1127 736 1167 istam
763 1126 983 1181 diligenter
1007 1127 1229 1180 uirginem:
1470 1128 1537 1162 505

274 1188 402 1228 Domi
428 1188 570 1229 adsitis
601 1189 737 1230 facite.
797 1189 901 1229 THR.
928 1188 1101 1230 Eamus.
1162 1189 1241 1229 ΤΗ.
1268 1188 1355 1230 Vos
1379 1203 1446 1229 me

721 1251 954 1304 sequimini.

511 1374 772 1417 CHREMES
853 1376 1103 1416 PYTHIAS

516 1447 770 1474 ADvLEscExs
885 1447 1056 1473 ANcrLLA

96 1499 252 1545 111,3CH.
280 1500 475 1542 Profecto
501 1508 656 1554 quanto
683 1500 815 1555 magis
841 1500 1059 1555 magisque
1085 1499 1236 1554 cogitQ

275 1563 329 1603 Ni
353 1564 504 1603 mirum
525 1563 640 1603 dabit
660 1563 761 1604 haec
781 1562 910 1603 Thais
930 1562 1028 1602 mihi
1050 1563 1248 1617 magnum
1270 1562 1444 1609 malum:

275 1626 340 1666 Ita
365 1627 431 1666 mc
456 1625 579 1666 uideo
605 1625 658 1666 ab
683 1640 733 1667 ea
758 1626 892 1666 astute
917 1624 1220 1673 labefactarier,

273 1688 364 1728 Iam
388 1688 475 1728 tum
501 1702 626 1741 quoni
650 1688 831 1742 primum
850 1687 969 1728 iussit
992 1702 1058 1728 me
1084 1687 1136 1727 ad
1163 1701 1205 1728 se
1232 1687 1444 1728 accersier.
1470 1695 1537 1730 510

128 1762 145 1788 5
276 1750 413 1805 Roget
444 1751 536 1803 quis
575 1750 695 1804 ‘quid
730 1750 789 1791 rei
826 1749 899 1790 tibi
936 1764 1030 1791 cum
1065 1749 1177 1790 fila?
1215 1764 1265 1790 ne
1301 1752 1446 1790 noram

727 1812 909 1866 quidem.

274 1874 360 1916 Vbi
384 1875 493 1924 ueni,
524 1890 706 1924 causam,
732 1883 777 1916 ut
801 1875 859 1915 ibi
884 1889 1108 1922 manerem,
1134 1874 1334 1929 repperit:

275 1937 350 1979 Ait
374 1939 460 1978 rem
486 1937 671 1978 diuinam
696 1937 847 1979 fecisse
873 1945 913 1979 et
937 1953 1024 1979 rem
1050 1937 1200 1978 seriam

273 2000 394 2041 Velle
419 2001 544 2055 agere
569 2015 746 2041 mecum.
797 2000 880 2041 iam
905 2007 994 2041 tum
1020 2006 1107 2041 erat
1132 1999 1312 2054 suspicio

274 2061 384 2103 Dolo
410 2063 519 2103 malo
545 2061 649 2103 haec
674 2062 762 2104 fieri
788 2063 938 2103 omnia.
987 2062 1078 2116 ipsa
1102 2061 1351 2103 adcumberc
1471 2072 1537 2106 515

112 2139 144 2163 ιο
274 2125 459 2173 Mecum,
485 2124 585 2165 mihi
611 2140 702 2166 sese
728 2125 840 2174 dare,
868 2139 1101 2166 sermonem
1125 2125 1338 2178 quaerere.

275 2187 361 2228 Vbi
386 2186 524 2242 friget,
550 2187 633 2228 huc
658 2187 805 2237 euasit,
832 2202 957 2242 quam
983 2186 1145 2242 pridem
1169 2196 1289 2241 pater

274 2250 383 2291 Mihi
408 2258 446 2291 et
472 2251 603 2292 mater
627 2251 778 2292 mortui
804 2251 955 2292 e'ssent.
1006 2251 1111 2299 dico,
1138 2249 1219 2290 iam
1246 2249 1329 2290 diu.

275 2313 364 2354 Rus
389 2313 552 2366 ecquod
576 2314 754 2354 habeam
782 2312 888 2355 Suni
913 2320 953 2354 et
978 2327 1104 2366 quam
1128 2312 1253 2367 longe
1278 2314 1303 2352 a
1328 2313 1445 2355 mari.

276 2374 413 2416 Credo
440 2377 476 2416 ei
500 2376 663 2430 placere
689 2376 785 2416 hoc:
813 2377 951 2430 sperat
976 2390 1019 2416 se
1045 2391 1069 2416 a
1093 2389 1158 2415 me
1184 2375 1377 2415 auellere.
1469 2383 1536 2417 520

111 2451 145 2477 15
273 2438 506 2488 Postremo,
533 2453 665 2492 ecqua
689 2438 784 2479 inde
809 2440 940 2493 parua
964 2437 1152 2492 periisset
1177 2449 1309 2482 soror3

274 2499 430 2553 Ecquis
456 2515 551 2541 cum
576 2516 624 2542 ea
648 2516 749 2550 una3
781 2500 882 2554 quid
907 2499 1134 2549 habuisset,
1165 2498 1287 2552 qudm
1320 2499 1442 2552 pcrit3

276 2562 432 2616 Ecquis
457 2578 548 2604 eam
575 2571 714 2618 posset
738 2564 922 2604 noscere.
961 2562 1063 2602 haec
1087 2576 1192 2615 quor
1219 2561 1444 2614 quaeritet?

276 2624 366 2665 Nisi
392 2624 424 2665 si
448 2625 517 2665 illa
541 2625 646 2666 forte
670 2640 777 2679 quae
803 2625 901 2666 olim
926 2625 1045 2679 periit
1076 2623 1249 2678 paruola

277 2686 416 2736 Soror,
443 2687 548 2728 hanc
574 2703 617 2729 se
642 2687 816 2729 intendit
843 2689 947 2737 esse,
973 2689 1034 2727 uti
1059 2694 1119 2727 est
1146 2686 1333 2727 audacia.
1470 2690 1536 2724 525
