1700 2984
93 154 213 190 V2.3

106 496 137 522 55
157 483 232 525 Cn.

157 606 234 649 Cn.

156 732 232 773 ΤΗ.

100 992 134 1018 60

149 1105 225 1146 ΡΥ.

151 1166 228 1209 CH.

97 1367 130 1392 65

147 1417 225 1458 ΤΗ.

146 1729 224 1771 CH.

93 1867 126 1893 70

75 2179 110 2210 v,
127 2166 224 2206 3ΡΥ.

105 2550 123 2575 5
141 2537 218 2579 ΡΥ.

140 2600 217 2644 ΡΥ.

655 154 929 192 EVchflvs
1355 146 1434 188 139

270 235 317 277 Si
342 238 419 285 uis,
444 236 527 277 iam
552 236 679 277 frater
703 238 790 290 ipse
815 236 882 278 hic
906 236 1038 278 aderit
1063 236 1254 291 uirginis3

268 298 484 340 Nutricem
508 297 753 340 accersitum
784 298 843 347 iit,
874 312 981 352 quae
1011 298 1124 339 illam
1155 298 1257 339 aluit
1286 300 1436 353 paruo-

715 360 815 400 lam:

267 422 318 463 In
343 421 631 478 cognoscendo
655 422 742 463 tute
766 422 855 476 ipse
882 422 1030 471 aderis,
1057 420 1259 464 Chaerea.

265 484 359 539 Ego
384 485 484 525 uero
509 498 670 525 maneo.
730 484 808 525 ΤΗ.
835 484 919 526 Vin
942 483 1112 533 interea,
1139 483 1237 524 dum
1261 484 1388 532 uenit,

265 545 395 587 Domi
419 546 683 601 opperiamur
707 546 845 600 potius
870 560 995 599 quam
1021 545 1087 586 hic
1112 554 1206 587 ante
1230 546 1405 587 ostium?
1457 549 1524 584 895

266 608 399 649 Immo
422 608 634 663 percupio.
692 607 769 648 ΡΥ.
796 608 935 660 Quam
966 616 1011 649 tu
1035 623 1121 649 rem
1147 616 1290 650 actura
1315 608 1434 649 obse-

714 684 782 710 cro
808 672 876 711 es?

262 732 372 773 Nam
403 732 505 786 quid
539 731 622 773 ita?
674 730 752 772 ΡΥ.
786 731 985 786 Rogitas?
1022 731 1132 773 hi'mc
1161 738 1207 773 tu
1242 731 1284 773 in
1320 731 1432 773 aedis

715 794 871 848 ecgitas

264 856 467 911 Recipere
502 855 699 910 posthac?
746 856 825 896 ΤΗ.
863 855 982 907 Quor
1016 857 1125 897 non?
1176 855 1255 897 ΡΥ.
1295 853 1432 897 Crede

711 917 791 958 hoc
815 919 932 959 meae
956 918 1051 967 fide,

264 980 395 1022 Dabit
419 979 486 1021 hic
510 995 696 1035 pugnam
722 980 903 1033 aliquam
928 980 1078 1021 denuo.
1126 980 1205 1022 ΤΗ.
1235 981 1316 1030 Au,
1342 988 1432 1022 tace

710 1042 893 1084 obsecro.

262 1105 417 1146 Parum
444 1105 704 1159 perspexisse
729 1106 816 1145 eius
842 1104 984 1146 uidere
1009 1104 1238 1145 audaciam.
1456 1109 1524 1143 900

261 1168 356 1208 Non
384 1166 548 1215 faciam,
579 1166 769 1221 Pythias.
829 1167 905 1207 ΡΥ.
932 1166 1028 1207 Non
1058 1167 1195 1215 credo,
1228 1165 1430 1217 Chaerea,

261 1229 352 1270 Nisi
377 1232 412 1270 si
437 1229 703 1270 commissum
733 1229 816 1270 non
841 1229 928 1270 erit.
984 1226 1061 1270 Cn.
1088 1228 1216 1281 Quin,
1241 1230 1429 1284 Pythias,

260 1292 327 1332 Tu
352 1293 418 1333 me
444 1298 622 1333 seruato.
681 1291 758 1332 PY.
784 1291 932 1344 Neque
958 1291 1026 1346 pol
1052 1291 1303 1332 seruandum
1329 1292 1403 1332 tibi

262 1354 498 1408 Quicquam
519 1354 619 1396 dare
643 1354 776 1395 ausim
795 1355 931 1407 neque
952 1361 991 1394 te
1012 1369 1197 1394 seruare:
1223 1356 1357 1408 apage
1378 1363 1429 1395 te.

257 1417 392 1459 Adest
416 1418 584 1472 optume
608 1415 696 1471 ipse
727 1416 865 1457 frater.
928 1414 1005 1457 Cn.
1031 1415 1145 1457 Perii
1169 1415 1325 1458 hercle:
1357 1416 1431 1457 ‹ib-
1454 1419 1521 1454 905

709 1493 824 1520 secro

260 1541 476 1582 Abeamus
502 1541 622 1590 intro,
648 1541 795 1582 Thais:
821 1541 917 1582 nolo
942 1555 1008 1582 me
1032 1542 1075 1581 in
1100 1540 1170 1581 uia

261 1603 371 1645 Cum
398 1604 477 1646 hac
508 1606 623 1645 ueste
653 1604 807 1645 uideat.
867 1604 937 1644 Py.
970 1602 1109 1655 Quam
1140 1603 1192 1643 ob
1222 1618 1309 1645 rem
1340 1611 1429 1644 tan-

708 1666 827 1707 dem?
858 1681 910 1706 an
935 1667 1034 1719 quia
1057 1666 1210 1720 pudet?

256 1728 307 1770 Id
342 1730 492 1783 ipsum.
558 1727 634 1769 ΡΥ.
672 1728 722 1769 Id
758 1728 921 1783 ipsum?
964 1729 1083 1782 uirgo
1120 1726 1237 1769 uero!
1297 1727 1374 1768 ΤΗ.
1407 1727 1429 1769 Ι

707 1791 819 1844 prae,
846 1804 1008 1843 sequor.

257 1853 325 1894 Tu
349 1852 441 1893 istic
466 1867 601 1901 mane,
628 1860 673 1893 ut
693 1851 917 1894 Chremem
942 1853 1050 1893 intro
1071 1851 1212 1901 ducas,
1237 1850 1426 1906 Py'thias.

295 2028 539 2069 PYTmAs
628 2025 890 2069 CHREMES
976 2026 1274 2069 SOPHRONA

329 2105 500 2132 ANomLA
625 2104 881 2131 ADx‘LEsoENs
1046 2105 1191 2131 Nvax

258 2163 386 2216 Quid,
411 2163 510 2217 quid
536 2164 678 2205 uenire
702 2163 744 2204 in
769 2164 950 2204 mentem
976 2178 1086 2204 nunc
1111 2164 1239 2218 possit
1264 2162 1379 2212 mihi,
1449 2167 1517 2202 910

257 2226 372 2278 Quid
396 2228 506 2275 nam,
533 2226 603 2279 qui
628 2225 805 2267 referam
832 2226 1034 2280 sacrilego
1058 2226 1115 2266 illi
1141 2225 1330 2280 gratiam,

255 2287 342 2341 Qui
377 2288 488 2330 hunc
525 2288 758 2343 supposiuit
793 2288 936 2328 nobis?
996 2287 1073 2329 Cn.
1110 2288 1241 2329 Moue
1277 2295 1317 2329 te
1352 2302 1424 2329 oro

704 2351 833 2400 ocius,

253 2413 354 2454 Mea
389 2412 541 2454 nutrix.
609 2412 681 2454 So.
718 2413 888 2454 Moueo.
955 2410 1032 2453 Cn.
1070 2412 1219 2461 Video,
1257 2412 1330 2453 sed
1365 2411 1421 2453 nil

702 2476 933 2530 promoues.

257 2538 401 2578 Iamne
426 2536 636 2578 ostendisti
664 2539 784 2592 signa
808 2536 981 2578 nutrici?
1030 2535 1107 2577 CH.
1136 2521 1301 2577 Omnia.

254 2600 442 2650 Amabo,
490 2600 589 2654 quid
633 2600 713 2640 a'it‘?
761 2599 1048 2653 cognoscitne?
1109 2598 1186 2640 CH.
1229 2599 1296 2640 Ac
1338 2600 1423 2643 me·
1447 2603 1514 2641 915

702 2672 881 2702 montet.
