1700 2984
181 130 259 173 142
684 143 954 180 EVNVCHVS
1385 147 1431 191 V,
1449 146 1481 182 4.
1500 147 1522 182 5

289 221 505 277 Quidquid
531 224 740 274 factumst,
766 226 818 267 ex
843 233 883 266 te
907 241 997 268 esse
1022 235 1170 269 ortum.
1229 227 1307 268 ΡΑ.
1341 227 1454 279 Quid

735 287 863 343 igitur
887 287 1037 330 faciam
1062 289 1211 331 miser?

288 345 457 399 Quidue
481 347 701 404 incipiam?
727 364 821 391 ecce
847 351 984 391 autem
1010 351 1133 393 uideo
1158 352 1253 393 rure
1277 351 1452 393 redeun-
1470 363 1504 389 45

738 413 821 453 tem
846 427 999 455 senem.

284 469 437 512 Dicam
456 471 552 514 huic
571 488 624 514 an
642 488 725 515 non
745 472 899 515 dicam?
922 475 1059 516 dicam
1077 475 1232 525 hercle3
1258 475 1334 517 etsi
1353 475 1453 517 mihi

734 537 935 591 magnum
957 538 1113 578 malum

287 593 384 636 Scio
409 604 599 651 paratum
609 614 619 646 3
652 598 726 639 sed
753 607 975 648 necessest,
1001 600 1098 641 huic
1123 606 1168 641 ut
1193 599 1450 641 subueniam.

730 659 808 701 Pr.
842 660 977 717 Sapis.

82 729 150 765 970
284 719 379 775 Ego
404 720 508 763 abeo
533 721 659 764 intro:
685 724 730 764 tu
753 724 821 765 isti
839 740 961 766 narra
979 740 1101 767 omne
1120 725 1276 775 erdine,
1302 732 1346 766 ut
1365 725 1451 766 fao·

733 787 821 829 tum
845 787 933 829 siet.

343 908 557 964 [DEMEA
584 932 635 949 seu
666 910 943 967 LAcnns?]
1023 911 1291 954 PAnnmso

563 982 687 1008 sssxssx
1074 983 1221 1011 snRvos

173 1030 244 1073 SE.
282 1032 349 1074 Ex
375 1035 465 1075 mee
490 1035 722 1089 propinquo
747 1036 843 1077 rure
867 1035 946 1078 hoc
970 1036 1089 1092 capio
1115 1036 1339 1078 commodi:
1451 1049 1516 1081 v‚5

282 1095 431 1150 Neque
456 1098 546 1151 agri
570 1112 707 1152 neque
731 1098 846 1139 urbis
871 1099 1010 1140 edium
1040 1114 1108 1141 me
1131 1114 1330 1154 umquam
1355 1101 1448 1155 per-

731 1161 841 1216 cipit.

282 1221 367 1263 Vbi
391 1221 516 1263 satias
542 1222 677 1278 coepit
702 1223 807 1272 fieri,
833 1226 1041 1265 commute
1066 1225 1216 1265 locum.

282 1282 369 1326 Sed
394 1292 508 1326 est-ne
532 1285 600 1326 ille
623 1294 764 1327 noster
782 1285 1015 1327 Parmeno?
1041 1295 1081 1328 et
1106 1294 1215 1328 certe
1238 1288 1352 1341 ipsus
1372 1294 1446 1329 est.

77 1356 145 1391 975
281 1346 419 1399 Quem
444 1348 709 1402 praestolare,
733 1347 955 1397 Parmeno,
979 1348 1047 1390 hic
1071 1358 1165 1390 ante
1191 1350 1368 1390 estium?
1481 1363 1497 1388 5

167 1408 245 1450 ΡΑ.
278 1408 385 1462 Quis
422 1409 610 1452 homest?
651 1410 790 1460 ehem,
834 1411 994 1452 saluom
1030 1420 1070 1453 te
1105 1411 1321 1461 aduenire,
1363 1427 1445 1462 ere,

726 1473 902 1528 gaudeo.

169 1532 239 1574 Sa.
277 1532 415 1585 Quem
434 1536 712 1589 praestolare?
753 1535 831 1577 ΡΑ.
857 1535 988 1576 Perii:
1008 1536 1153 1590 lingua
1171 1536 1313 1577 haeret
1331 1544 1455 1578 metu.

168 1595 237 1637 SE.
276 1596 392 1648 Quid
416 1598 478 1638 est
501 1598 614 1651 quod
639 1598 846 1653 trepidas?
871 1597 1003 1639 satine
1028 1598 1168 1640 salue?
1194 1599 1260 1640 dic
1283 1599 1395 1640 mihi.

164 1657 242 1699 ΡΑ.
274 1658 370 1707 Ere,
396 1661 575 1714 primum
601 1668 640 1702 te
667 1660 856 1701 arbitrari
880 1660 923 1701 id
947 1661 1060 1714 quod
1083 1676 1148 1702 res
1173 1662 1234 1702 est
1258 1661 1404 1702 uelim:

74 1730 142 1766 980
278 1720 495 1775 Quidquid
514 1721 636 1763 huius
655 1722 865 1772 factumst,
882 1722 1004 1778 culpa
1022 1737 1105 1763 non
1124 1722 1318 1765 factumst
1338 1739 1442 1765 mea.
1463 1736 1495 1762 1⁰

166 1781 236 1824 SE.
276 1782 417 1835 Quid?
474 1783 553 1825 ΡΑ.
586 1784 716 1826 Recte
742 1800 840 1826 sane
865 1785 1147 1840 interrogasti:
1173 1786 1354 1840 oportuit

274 1845 382 1887 Rem
408 1848 698 1901 praenarrasse
722 1862 802 1888 me.
852 1847 949 1888 emit
975 1847 1183 1900 quendam
1208 1847 1418 1889 Phaedria

275 1907 548 1959 Eunuchum,
581 1924 706 1963 quem
737 1909 844 1950 dono
876 1909 972 1950 huic
1003 1909 1130 1951 daret.
1193 1908 1263 1950 SE.
1306 1909 1443 1962 Quoi?

722 1971 800 2012 ΡΑ.
832 1971 996 2012 Thaidi.

164 2033 234 2075 SE.
272 2032 412 2074 Emit?
436 2033 540 2088 perii
564 2033 715 2076 hercle.
763 2033 932 2087 quanti?
990 2033 1068 2074 ΡΑ.
1099 2033 1260 2088 Viginti
1286 2035 1419 2076 minis.

73 2107 140 2143 985
164 2095 233 2138 SE.
270 2097 478 2137 Actumst.
521 2096 598 2137 Pi.
624 2096 736 2138 Tum
754 2096 966 2150 quandam
984 2096 1199 2137 fidicinam
1218 2106 1330 2138 amat
1348 2097 1444 2139 hinc
1463 2109 1494 2135 15

723 2156 926 2201 Chaerea.

163 2220 234 2263 SE.
273 2222 403 2270 Hem,
430 2220 556 2275 quid?
581 2221 717 2262 amat?
743 2237 797 2263 an
821 2221 898 2262 scit
923 2221 1006 2262 iam
1030 2220 1098 2262 ille
1124 2220 1225 2275 quid
1248 2224 1442 2263 meretrix

722 2283 821 2325 siet?
984 2321 987 2322 γ

273 2346 345 2386 An
369 2345 412 2386 in
436 2348 530 2387 astu
555 2346 695 2388 uenit?
720 2345 834 2387 aliud
860 2361 910 2387 ex
937 2344 1016 2386 alio
1042 2344 1217 2386 malum!

161 2409 239 2449 ΡΑ.
271 2408 368 2457 Ere,
393 2409 445 2449 ne
470 2424 536 2450 me
562 2416 742 2463 spectes:
768 2423 834 2449 me
859 2407 1070 2462 inpulsore
1096 2407 1198 2449 haec
1222 2408 1305 2448 nen
1330 2407 1441 2450 facit.

164 2471 233 2513 SE.
276 2469 438 2512 Omitte
464 2472 515 2513 de
541 2479 581 2513 te
607 2471 756 2512 dicere.
806 2485 884 2525 ego
910 2479 963 2519 te,
989 2470 1172 2519 furcifer,

69 2545 137 2580 990
275 2532 321 2575 Si
351 2536 450 2575 uiuo
477 2566 485 2574 .
514 2566 523 2575 .
551 2534 560 2575 1
595 2534 667 2576 sed
691 2534 810 2582 istuc,
842 2532 1044 2587 quidquid
1069 2542 1143 2582 est,
1170 2533 1348 2588 primum
1373 2535 1443 2575 ex·
1462 2546 1494 2571 20

722 2595 831 2652 pedi

161 2660 239 2705 ΡΑ.
271 2660 312 2701 Is
334 2675 407 2716 pro
426 2660 496 2701 illo
518 2660 708 2702 eunucho
729 2659 781 2701 ad
796 2658 999 2700 Thaidem
1020 2658 1126 2700 hanc
1148 2658 1349 2700 deductus
1370 2666 1441 2701 est.
