1700 2984
206 122 256 164 78

109 589 176 624 640

198 1083 270 1125 So.

106 1214 173 1248 645

199 1457 276 1499 Cn.

107 1839 174 1873 650

200 2208 279 2250 Cn.

201 2332 278 2374 Cn.

109 2462 176 2497 655

522 131 768 167 HEAVTON
793 131 1158 168 TIMORVMENOS
1438 133 1506 177 IV,
1523 133 1544 169 1

313 200 375 255 At
415 213 457 254 id
499 213 660 254 omitto:
704 212 1004 263 misericordia,
1045 213 1207 255 animus
1251 214 1478 256 maternus:

763 274 864 316 sino⁴

317 336 456 388 Quam
470 338 575 379 bene
589 351 688 378 uero
703 336 779 377 abs
795 337 834 377 te
849 346 1165 392 prospectumst‚
1175 338 1285 392 quo'd
1299 337 1478 387 uoluisti,
1498 350 1531 375 25

762 398 916 453 cogita:

314 461 475 516 Ne'mpe
517 476 599 501 anu
640 459 699 500 illi
741 460 903 515 prodita
950 460 1024 501 abs
1072 469 1111 502 te
1159 461 1283 503 filiast
1327 462 1479 516 planis—

759 537 890 571 sume,
1451 574 1454 577 Δ

313 585 396 626 Per
425 593 465 626 te
494 585 563 626 uel
593 584 653 625 uti
683 585 902 637 quaestum
939 585 1090 627 faceret
1127 585 1194 626 uel
1230 586 1290 626 uti
1320 586 1480 627 ueniret

760 646 911 701 palam.

315 708 466 758 Credo,
492 709 534 749 id
560 708 769 763 cogitasti:
803 708 988 762 ‘quiduis
1014 709 1112 749 satis
1139 717 1213 758 est,
1240 709 1339 750 dum
1364 709 1480 750 uiuat

760 771 909 812 modo.’

313 833 427 885 Quid
451 848 546 874 cum
571 833 650 873 illis
676 835 790 887 agas,
816 833 888 887 qui
913 848 1048 887 neque
1073 833 1137 873 ius
1163 834 1298 887 neque
1325 832 1480 874 bonum

762 902 886 949 atque
911 896 1089 949 aequom
1115 895 1276 936 sciunt?

311 958 466 999 Melius
502 957 634 1012 peius,
672 957 802 1012 prosit
839 957 960 1007 obsit,
997 959 1053 998 nil
1084 958 1227 999 uident
1258 957 1336 998 nisi
1366 958 1480 1012 quod
1498 971 1530 996 30

761 1020 888 1061 lubet.

308 1083 374 1123 Mi
399 1081 615 1131 Chremes,
646 1082 833 1137 peccaui,
865 1082 1015 1124 fateor:
1049 1083 1205 1123 uincor.
1266 1097 1376 1123 nunc
1402 1082 1480 1124 hoc

761 1154 801 1186 te
827 1144 1012 1194 obsecro,

313 1206 481 1259 Quanto
518 1214 610 1247 tuos
648 1214 709 1248 est
749 1207 912 1248 animus
951 1204 1087 1261 [natu]
1128 1206 1309 1262 grauior,
1345 1208 1387 1248 e'o
1424 1209 1477 1248 sis

331 1319 338 1330 Ι
757 1269 1050 1324 ignoscentior‚

309 1333 367 1374 Vt
393 1347 511 1373 meae
535 1331 732 1373 stultitiae
755 1333 798 1372 in
822 1331 979 1372 iustitia
1004 1334 1077 1373 tua
1101 1331 1153 1372 sit
1178 1331 1336 1385 aliquid
1360 1332 1478 1386 prae-

761 1393 851 1434 Sidi.

315 1457 484 1500 Scilicet
510 1456 702 1510 equidem
727 1457 833 1497 istuc
863 1456 1020 1496 factum
1052 1455 1266 1511 ignoscam
1276 1472 1286 1505 ;
1320 1471 1479 1505 uerum,

763 1517 967 1566 Sostrata,

310 1581 426 1622 Male
451 1581 572 1622 docet
595 1588 636 1623 te
655 1582 748 1622 mea
766 1581 941 1622 facilitas
960 1581 1101 1621 multa.
1145 1581 1218 1622 sed
1237 1581 1342 1621 istuc
1361 1581 1480 1634 quid·
1497 1592 1530 1617 35

761 1643 863 1697 quid
889 1650 963 1692 est,

312 1706 409 1759 Qua
423 1707 502 1748 hoc
515 1714 773 1762 occeptumst
787 1707 925 1755 causa,
939 1705 1120 1759 loquere.
1160 1703 1231 1747 So.
1252 1706 1309 1747 Vt
1329 1706 1479 1747 stultae

759 1776 799 1810 et
823 1768 996 1810 miserae
1023 1769 1164 1809 omnes
1191 1784 1333 1809 sumus

311 1832 567 1887 Religiosae‚
600 1846 726 1886 quom
756 1831 1046 1886 exponendam
1077 1831 1130 1872 do
1159 1831 1230 1880 illi,
1268 1831 1319 1872 de
1351 1830 1479 1886 digito

758 1894 929 1935 anulum

311 1957 499 1998 Detraho
536 1964 576 1998 et
613 1972 707 1999 eum
745 1957 837 1998 dico
882 1964 927 1997 ut
968 1971 1052 1997 una
1093 1957 1186 1997 cum
1230 1956 1368 2011 puella
1410 1971 1480 1997 ex-

759 2019 952 2074 poneret:

312 2082 359 2125 Si
385 2089 630 2131 moreretur,
667 2097 718 2123 ne
755 2083 902 2136 expers
938 2081 1066 2136 partis
1103 2081 1211 2122 esset
1248 2080 1299 2122 de
1330 2082 1480 2122 nostris

766 2144 895 2185 bonis.

317 2194 432 2249 lstuc
462 2214 589 2249 recte:
627 2207 881 2248 conseruasti
914 2213 955 2247 te
984 2208 1108 2259 atque
1139 2205 1264 2247 illam.
1327 2204 1399 2246 So.
1438 2206 1479 2246 Is
1499 2219 1531 2244 40

337 2319 344 2330 Ι
759 2269 826 2310 hic
851 2278 911 2311 est
935 2269 1096 2313 anulus.

316 2333 439 2374 Vnde
465 2332 619 2373 habes?
668 2330 739 2374 So.
774 2331 913 2383 Quam
937 2331 1114 2372 Bacchis
1141 2346 1282 2372 secum
1307 2330 1480 2372 adduxit

760 2395 1127 2442 adulescentulam,
1178 2392 1246 2435 SY.
1274 2394 1400 2443 Hem,

314 2456 429 2509 Quid
446 2457 517 2498 illa
535 2457 698 2499 narrat?
747 2456 819 2500 So.
856 2458 905 2498 ea
922 2457 1109 2498 lauatum
1129 2456 1227 2497 dum
1246 2458 1289 2506 it,
1310 2472 1479 2498 seruan-

333 2569 340 2581 '
760 2520 860 2560 dum
885 2519 985 2560 mihi
1010 2519 1135 2560 dedit.

313 2582 518 2624 Animum
560 2598 641 2625 non
685 2582 849 2623 aduorti
897 2582 1096 2637 primum3
1146 2582 1219 2622 sed
1260 2589 1478 2637 postquam

761 2645 918 2700 aspexi,
944 2645 1036 2686 ilico
