1700 2984
214 139 297 182 244

215 230 286 274 SA,

216 354 289 397 SA.

215 478 287 521 SA.

123 731 190 766 190
215 729 295 769 ΑΕ.

213 854 294 894 ΑΕ.

124 1356 190 1390 195

123 1919 190 1953 200

126 2481 193 2514 205

719 147 996 184 ADELPHOE
1475 149 1524 195 11,
1542 149 1562 186 1

325 231 466 283 Quam
502 230 615 271 rem?
650 244 732 284 quo
769 230 961 271 redeam?
1025 230 1107 271 An.
1149 231 1294 272 laimne
1330 246 1395 272 me
1432 232 1495 272 uis

777 292 914 333 dicere
937 292 981 332 id
1005 292 1118 345 quod
1142 293 1195 333 ad
1219 302 1258 334 te
1283 293 1451 335 attinet?

327 353 480 409 Cupio,
505 353 629 407 aequi
647 354 772 394 modo
792 354 962 407 aliquid.
1005 356 1086 395 AB.
1112 355 1222 405 Vah,
1241 356 1335 397 leno
1354 355 1497 409 iniqua

776 431 843 457 me
869 430 953 456 non
977 416 1062 457 udlt
1086 416 1213 471 loqui.

324 478 444 520 Lenc')
462 493 567 526 sum,
592 477 795 532 pernicies
817 478 1062 527 communis,
1087 478 1232 530 fateor,
1253 479 1495 521 adulescen-

779 540 896 589 tium,

326 602 539 652 Periilrus,
564 602 711 657 pestis3
742 604 881 643 taimen
907 603 981 644 tibi
1005 618 1029 644 a
1053 618 1119 645 me
1143 604 1256 644 milla
1281 611 1409 645 ortast
1435 603 1497 644 in·
1514 615 1547 641 ³5

778 665 895 705 i1'1ria.
1215 715 1222 725 Ι

322 727 433 769 Nam
468 727 606 769 hercle
637 727 761 768 etiam
792 727 871 768 hoc
900 735 1039 768 restat.
1102 726 1173 768 SA.
1204 727 1311 768 Illuc
1342 742 1496 781 quaeso

775 789 877 838 redi,
903 804 985 843 quo
1011 790 1196 844 coepisti,
1223 789 1446 831 Ae'sohine.

331 852 461 893 Minis
509 851 659 907 uiginti
706 852 751 892 tsi
798 851 910 892 illam
959 852 1093 893 emisti
1135 851 1261 905 (quae
1308 867 1373 893 res
1421 852 1495 893 tibi

777 916 914 955 uortdt
937 914 1101 965 male1):

326 976 505 1032 Argenti
537 983 698 1017 tantum
730 976 908 1017 dabitur.
971 975 1043 1018 SA.
1082 975 1222 1028 Quid?
1252 976 1287 1017 si
1317 991 1396 1031 ego
1421 975 1496 1017 tibi

777 1038 891 1079 illam
915 1038 1011 1079 nolo
1035 1038 1230 1086 ue'ndere,

327 1100 467 1157 Coges
486 1101 578 1142 me?
620 1101 700 1141 ΑΕ.
725 1100 932 1141 Minume.
976 1100 1048 1142 SA.
1074 1100 1267 1155 Naimque
1288 1101 1330 1141 id
1354 1100 1493 1142 metui.

776 1163 856 1203 ΑΕ.
877 1163 1026 1216 Neque
1045 1163 1313 1204 uendundam
1333 1164 1494 1212 ce'nseo,

327 1225 449 1279 Quae
469 1225 656 1273 liberast3
677 1240 774 1265 nam
794 1239 873 1279 ego
892 1225 1054 1266 liberali
1073 1226 1186 1266 illam
1205 1226 1351 1267 adsero
1371 1227 1495 1267 causa
1513 1238 1546 1262 40

776 1302 915 1328 manu.

326 1350 450 1392 Nune
463 1349 561 1391 uide
575 1356 713 1391 utrum
729 1349 806 1398 uis,
827 1351 1047 1404 argentum
1060 1349 1247 1404 accipere
1262 1366 1313 1391 an
1328 1351 1496 1392 calisam

777 1411 968 1453 meditari
992 1420 1119 1452 tuam.

324 1475 525 1518 Delibera
554 1474 651 1523 hoc,
683 1474 782 1515 dum
814 1488 892 1529 ego
917 1475 1061 1522 redeo,
1091 1475 1198 1516 leno.
1226 1499 1279 1504 —
1308 1474 1380 1517 SA.
1412 1475 1496 1517 Ρτό

775 1551 968 1591 supreme
993 1537 1193 1591 Ii'ippiter,

326 1602 519 1642 Minume
544 1599 671 1640 miror
695 1599 768 1652 qui
792 1599 973 1640 insanire
998 1599 1207 1654 occipiunt
1232 1614 1285 1642 ex
1307 1600 1467 1641 iniliria.

325 1663 467 1705 deo
492 1678 559 1704 me
584 1662 747 1717 eripuit,
778 1661 1035 1710 uerberauitg
1067 1676 1134 1703 me
1163 1662 1293 1703 inuito
1323 1662 1497 1704 abduxit

777 1739 934 1772 meam3

325 1787 501 1830 Hdmini
532 1787 681 1828 misero
712 1786 805 1842 phis
831 1787 1080 1841 quingentos
1106 1787 1301 1842 edlaphos
1329 1787 1496 1843 infregit
1514 1800 1548 1826 45

347 1899 355 1911 1
778 1848 892 1889 mihi.

328 1912 399 1954 Ob
424 1911 646 1954 malefacta
670 1911 773 1953 haec
797 1911 996 1952 tantidem
1018 1919 1200 1966 emptam
1218 1912 1399 1966 pdstulat
1419 1912 1496 1954 sibi

780 1973 945 2014 tradier.

326 2039 485 2081 Ve'rum
511 2036 620 2078 enim
646 2035 813 2089 quando
844 2035 951 2076 bene
982 2035 1222 2090 promeruit,
1253 2036 1346 2077 fiat:
1378 2052 1496 2078 suom

778 2098 842 2139 ius
867 2097 1061 2152 pdstulat.

328 2150 426 2218 Age
455 2162 538 2202 iam
570 2160 711 2216 cupio,
743 2161 777 2201 si
807 2159 931 2201 modo
962 2167 1181 2215 argentum
1211 2159 1370 2201 reddat.
1426 2161 1498 2203 sed

781 2237 859 2277 ego
884 2222 962 2263 hoe
986 2221 1184 2262 hairiolor:

327 2274 414 2328 Vbi
439 2301 505 2327 me
531 2286 673 2326 dixers')
701 2284 798 2326 dare
824 2285 940 2333 tanti,
967 2284 1081 2325 {estis
1106 2284 1230 2326 faciet
1253 2284 1362 2332 ilico,

328 2348 578 2392 Vendidisse
604 2349 688 2396 me3
715 2347 766 2388 de
792 2354 964 2402 argento
990 2346 1216 2387 sdmnium:
1244 2351 1360 2388 ‘mox
1370 2363 1379 2396 3
1406 2350 1496 2390 craZs
1515 2362 1547 2387 50

778 2409 892 2450 redi.'

329 2461 380 2515 I'd
412 2488 578 2527 quoque
603 2487 773 2528 possum
797 2472 917 2520 ferre,
948 2471 1072 2512 modo
1097 2471 1131 2512 si
1160 2471 1319 2521 reddat,
1351 2486 1496 2526 quam-

780 2548 906 2588 quam
931 2533 1174 2575 inifiriumst.

329 2600 488 2642 Verum
536 2597 672 2652 cogito
714 2597 756 2637 id
799 2597 911 2650 quod
952 2612 1016 2638 res
1059 2604 1137 2637 est:
1187 2597 1354 2650 quaindo
1402 2612 1497 2639 eum

779 2667 996 2714 quaestum
1022 2659 1243 2715 occeperis,
