1700 2984
230 122 310 165 190
753 133 983 170 PHORMIO
1485 137 1530 183 V,
1545 137 1569 173 8

137 217 204 252 935
226 212 304 255 PH.
337 213 506 267 Quaeso
530 214 630 270 quid
655 215 822 256 narras?
869 215 951 257 ΒΕ.
978 216 1092 270 Quin
1123 224 1168 259 tu
1197 218 1254 260 mi
1285 220 1502 274 argentum

786 277 902 320 cedo.

225 339 303 379 ΡΗ.
334 338 470 380 Immo
494 341 594 381 uero
619 354 792 382 uxorem
817 341 862 381 tu
886 340 1002 382 cedo.
1052 341 1132 383 DE.
1158 343 1208 383 In
1233 343 1297 384 ius
1323 342 1502 385 ambula.

225 400 303 441 PH.
335 399 462 442 Enim
486 403 586 443 uero
612 402 645 443 si
668 417 791 458 porro
817 404 906 444 e'sse
931 403 1061 445 odiosi
1085 404 1257 460 pergitis
1283 437 1292 445 .
1320 437 1329 446 .

226 462 307 505 DE.
340 462 455 514 Quid
480 463 632 505 facies?
666 464 745 506 PH.
770 463 945 520 Egone?
968 468 1044 508 uos
1069 482 1135 509 me
1159 467 1352 509 indotatis
1379 467 1500 509 modo
1519 479 1552 505 45

337 525 594 568 Patrocinari
620 527 796 569 fortasse
820 528 1096 570 arbitramini:

136 595 203 630 940
339 587 480 629 Etiam
518 589 668 631 dotatis
698 590 823 632 soleo.
883 589 961 633 Cn.
995 591 1110 643 Quid
1144 592 1186 633 id
1215 593 1379 634 nostra?
1424 593 1502 634 ΡΗ.

789 652 915 694 Nihil.

339 712 424 755 Hic
460 713 670 768 quandam
706 729 869 765 noram,
912 717 1059 769 quoius
1095 716 1159 757 uir
1194 732 1366 758 uxorem
1425 715 1502 758 Cn.

784 778 906 819 Hem.
967 778 1048 819 DE.
1076 778 1190 831 Quid
1215 780 1301 821 est?

224 838 303 879 Pa.
335 837 487 880 Lemni
523 839 670 880 habuit
706 839 849 881 aliam:
898 839 976 882 Cn.
1008 841 1159 882 Nullus
1191 857 1295 883 sum.
1343 841 1420 883 Pu.
1453 857 1505 883 ex

790 917 874 956 qua
898 903 1027 944 filiam

337 962 544 1018 Suscepit,
571 970 609 1006 et
629 979 720 1005 eam
747 964 854 1005 clam
872 965 1035 1006 educat.
1076 964 1153 1006 Ca.
1176 965 1377 1021 Sepultus
1397 981 1502 1007 sum.
1523 979 1555 1004 50

223 1025 301 1066 PH.
333 1026 453 1067 Haec
476 1025 581 1068 adeo
607 1041 684 1082 ego
710 1027 767 1068 issi
791 1026 874 1068 iam
900 1027 1142 1069 denarrabo.
1194 1027 1272 1070 Cn.
1300 1014 1503 1077 Obsecro,

133 1089 199 1124 945
335 1087 400 1129 Ne
425 1088 566 1130 facias.
626 1089 703 1130 ΡΗ.
731 1087 816 1138 Oh,
841 1097 939 1130 tune
964 1091 998 1131 is
1024 1091 1140 1131 eras?
1192 1090 1274 1131 Dr..
1300 1091 1359 1133 Vt
1382 1091 1504 1133 ludos

785 1151 902 1193 facit!

224 1210 302 1253 Cn.
334 1212 513 1254 Missum
539 1221 579 1255 te
605 1213 792 1254 facimus.
841 1214 920 1255 Pu.
946 1213 1146 1256 Fabulae.
1197 1213 1274 1256 Ca.
1302 1215 1417 1267 Quid
1440 1217 1503 1257 uis

783 1276 882 1317 tibi?

334 1338 573 1393 Argentum
587 1339 699 1392 quod
719 1338 847 1380 habes
868 1338 1150 1381 condonamus
1169 1347 1221 1381 te.
1254 1340 1330 1381 Pu.
1347 1341 1502 1382 Audio.

337 1400 450 1453 Quid
475 1402 550 1442 uos
575 1402 732 1442 malum
758 1416 858 1456 ergo
882 1402 948 1442 me
973 1401 1032 1443 sic
1055 1402 1324 1444 ludificamini
1522 1415 1554 1440 55

334 1463 470 1518 Inepti
495 1472 636 1504 uostra
660 1463 806 1517 puerili
832 1463 1123 1504 inconsta'ntia?

131 1527 197 1562 950
333 1524 440 1565 Nolo
464 1525 559 1565 uolo
568 1541 578 1574 3
605 1525 699 1565 uolo
723 1525 817 1566 nolo
842 1540 1027 1574 rursum3
1053 1527 1155 1580 cape
1180 1525 1281 1567 cedo
1290 1542 1301 1575 3

334 1585 461 1639 Quod
480 1586 650 1635 dictum,
676 1586 936 1635 indictumst3
962 1587 1075 1640 quod
1095 1587 1218 1628 modo
1239 1596 1327 1629 erat
1351 1595 1501 1638 ratum,

782 1648 1003 1689 inritumst.

222 1710 300 1752 Cn.
333 1710 430 1763 Quo
450 1712 572 1766 paeto
591 1718 661 1751 aut
676 1710 786 1752 unde
806 1710 872 1752 hio
892 1710 995 1752 haec
1014 1710 1204 1752 resciuit‘?
1229 1711 1310 1752 DE.
1331 1711 1502 1762 Ne'sci03

332 1774 424 1815 Nisi
449 1774 515 1814 me
540 1773 693 1815 dixisse
718 1773 874 1815 nemini
899 1775 1010 1815 certo
1036 1774 1132 1814 scio.
1521 1789 1553 1814 60

222 1835 300 1877 Cn.
331 1836 530 1885 Monstri,
566 1838 624 1877 ita
659 1851 725 1877 me
761 1836 803 1877 di
843 1845 1000 1885 ament,
1043 1836 1186 1877 simile.
1256 1836 1335 1878 PH.
1373 1837 1502 1880 Inieci

781 1899 1035 1954 scrupulum.
1084 1898 1166 1939 DE.
1194 1899 1318 1947 Hem,

131 1966 197 2001 955
334 1962 487 2002 Hicine
512 1968 557 2002 ut
582 1977 606 2002 a
630 1961 750 2002 nobis
776 1961 855 2002 hoc
879 1969 1041 2002 tantum
1067 1961 1226 2016 argenti
1253 1961 1411 2003 auferat

333 2024 440 2065 Tam
465 2026 607 2079 aperte
631 2024 840 2065 inridens?
864 2023 993 2064 emori
1017 2023 1154 2064 hercle
1179 2023 1306 2064 satius
1332 2032 1406 2066 est.

333 2087 488 2128 Animo
512 2087 620 2128 uirili
645 2087 937 2141 praesentique
962 2094 1005 2127 ut
1032 2088 1086 2127 sis
1111 2101 1225 2140 para.

332 2149 462 2192 Vides
487 2157 601 2190 tuom
627 2151 845 2204 peccatum
870 2163 959 2190 esse
986 2148 1139 2190 elatum
1164 2149 1274 2189 foras
1522 2164 1554 2188 65

333 2212 483 2266 Neque
506 2212 589 2253 iam
614 2212 656 2252 id
681 2212 814 2253 celare
839 2212 958 2266 posse
983 2219 1022 2253 te
1047 2213 1218 2252 uxorem
1244 2220 1376 2252 tuam:

130 2280 197 2315 960
333 2275 458 2316 Nunc
481 2275 594 2328 quod
619 2274 710 2329 ipsa
735 2289 785 2316 ex
811 2274 900 2315 aliis
926 2274 1117 2315 auditura
1142 2276 1205 2323 sit,
1232 2272 1448 2325 Chremes,

333 2338 384 2379 Id
409 2339 572 2379 nosmet
595 2337 777 2378 indicare
804 2336 1047 2391 placabilius
1073 2344 1146 2377 est.

334 2401 444 2442 Tum
468 2400 580 2441 huno
603 2401 842 2454 inparatum
867 2399 1092 2454 poterimus
1118 2400 1256 2440 nostro
1280 2399 1403 2440 modo

333 2463 500 2505 Vlcisci.
548 2462 626 2504 ΡΗ.
654 2463 787 2509 Anat,
813 2461 890 2502 nisi
915 2461 970 2502 mi
996 2462 1214 2516 prospicio,
1239 2461 1402 2503 haereo.
1519 2476 1550 2500 70

336 2525 394 2566 Hi
419 2525 664 2581 gladiatorio
690 2524 829 2565 animo
855 2524 907 2564 ad
933 2539 997 2565 me
1024 2524 1236 2565 adfectant
1261 2524 1385 2565 uiam.

133 2592 199 2630 965
225 2587 302 2630 Cn.
335 2589 395 2629 At
419 2589 567 2629 ue'reor
591 2595 635 2628 ut
661 2587 815 2642 placari
840 2586 979 2641 possit.
1021 2586 1102 2627 DE.
1130 2587 1248 2628 Bono
1275 2587 1410 2628 animo
1435 2602 1496 2628 es:

336 2650 429 2706 Ego
450 2651 635 2706 redigam
655 2664 730 2691 uos
748 2650 790 2690 in
808 2649 998 2704 gratiam,
1019 2649 1096 2691 hoc
1114 2649 1256 2698 fretus,
1284 2648 1497 2699 Chremes,
