<?xml version="1.0" encoding="UTF-8"?>
<!DOCTYPE html PUBLIC "-//W3C//DTD XHTML 1.0 Transitional//EN"
    "http://www.w3.org/TR/xhtml1/DTD/xhtml1-transitional.dtd">
<html xmlns="http://www.w3.org/1999/xhtml" xml:lang="en" lang="en">
 <head>
  <title>
</title>
<meta http-equiv="Content-Type" content="text/html;charset=utf-8" />
  <meta name='ocr-system' content='tesseract 3.04.00' />
  <meta name='ocr-capabilities' content='ocr_page ocr_carea ocr_par ocr_line ocrx_word'/>
</head>
<body>
  <div class='ocr_page' id='page_1' title='image "./pterentiafricomo00tereuoft/pterentiafricomo00tereuoft_0291.png"; bbox 0 0 1700 2984; ppageno 0'>
   <div class='ocr_carea' id='block_1_1' title="bbox 130 159 216 204">
    <p class='ocr_par' dir='ltr' id='par_1_1' title="bbox 130 159 216 204">
     <span class='ocr_line' id='line_1_1' title="bbox 130 159 216 204; baseline 0.012 -10"><span class='ocrx_word' id='word_1_1' title='bbox 130 159 179 204; x_wconf 91' lang='lat'>11,</span> <span class='ocrx_word' id='word_1_2' title='bbox 197 160 216 195; x_wconf 92' lang='lat'><strong>1</strong></span> 
     </span>
    </p>
   </div>
   <div class='ocr_carea' id='block_1_2' title="bbox 196 364 277 405">
    <p class='ocr_par' dir='ltr' id='par_1_2' title="bbox 196 364 277 405">
     <span class='ocr_line' id='line_1_2' title="bbox 196 364 277 405; baseline -0.012 0"><span class='ocrx_word' id='word_1_3' title='bbox 196 364 277 405; x_wconf 71' lang='lat' dir='ltr'>An.</span> 
     </span>
    </p>
   </div>
   <div class='ocr_carea' id='block_1_3' title="bbox 196 488 277 529">
    <p class='ocr_par' dir='ltr' id='par_1_3' title="bbox 196 488 277 529">
     <span class='ocr_line' id='line_1_3' title="bbox 196 488 277 529; baseline 0 0"><span class='ocrx_word' id='word_1_4' title='bbox 196 488 277 529; x_wconf 72' lang='lat' dir='ltr'>An.</span> 
     </span>
    </p>
   </div>
   <div class='ocr_carea' id='block_1_4' title="bbox 145 622 179 649">
    <p class='ocr_par' dir='ltr' id='par_1_4' title="bbox 145 622 179 649">
     <span class='ocr_line' id='line_1_4' title="bbox 145 622 179 649; baseline 0.029 -1"><span class='ocrx_word' id='word_1_5' title='bbox 145 622 179 649; x_wconf 85' lang='lat'>15</span> 
     </span>
    </p>
   </div>
   <div class='ocr_carea' id='block_1_5' title="bbox 197 985 268 1153">
    <p class='ocr_par' dir='ltr' id='par_1_5' title="bbox 197 985 268 1153">
     <span class='ocr_line' id='line_1_5' title="bbox 198 985 268 1028; baseline -0.029 0"><span class='ocrx_word' id='word_1_6' title='bbox 198 985 268 1028; x_wconf 81' lang='lat' dir='ltr'>SA.</span> 
     </span>
     <span class='ocr_line' id='line_1_6' title="bbox 197 1110 268 1153; baseline -0.028 0"><span class='ocrx_word' id='word_1_7' title='bbox 197 1110 268 1153; x_wconf 80' lang='lat' dir='ltr'>SA.</span> 
     </span>
    </p>
   </div>
   <div class='ocr_carea' id='block_1_6' title="bbox 143 1235 275 1276">
    <p class='ocr_par' dir='ltr' id='par_1_6' title="bbox 143 1235 275 1276">
     <span class='ocr_line' id='line_1_7' title="bbox 143 1235 275 1276; baseline 0.008 -1"><span class='ocrx_word' id='word_1_8' title='bbox 143 1247 176 1271; x_wconf 81' lang='lat'>20</span> <span class='ocrx_word' id='word_1_9' title='bbox 195 1235 275 1276; x_wconf 73' lang='lat' dir='ltr'>An.</span> 
     </span>
    </p>
   </div>
   <div class='ocr_carea' id='block_1_7' title="bbox 193 1486 272 1776">
    <p class='ocr_par' dir='ltr' id='par_1_7' title="bbox 193 1486 272 1776">
     <span class='ocr_line' id='line_1_8' title="bbox 193 1486 272 1526; baseline -0.013 0"><span class='ocrx_word' id='word_1_10' title='bbox 193 1486 272 1526; x_wconf 80' lang='grc' dir='ltr'>ΑΕ.</span> 
     </span>
     <span class='ocr_line' id='line_1_9' title="bbox 195 1610 266 1651; baseline -0.014 0"><span class='ocrx_word' id='word_1_11' title='bbox 195 1610 266 1651; x_wconf 83' lang='lat' dir='ltr'>SA.</span> 
     </span>
     <span class='ocr_line' id='line_1_10' title="bbox 194 1734 265 1776; baseline -0.028 0"><span class='ocrx_word' id='word_1_12' title='bbox 194 1734 265 1776; x_wconf 75' lang='lat' dir='ltr'>SA.</span> 
     </span>
    </p>
   </div>
   <div class='ocr_carea' id='block_1_8' title="bbox 141 1858 265 1901">
    <p class='ocr_par' dir='ltr' id='par_1_8' title="bbox 141 1858 265 1901">
     <span class='ocr_line' id='line_1_11' title="bbox 141 1858 265 1901; baseline 0.024 -5"><span class='ocrx_word' id='word_1_13' title='bbox 141 1872 173 1897; x_wconf 84' lang='lat'>25</span> <span class='ocrx_word' id='word_1_14' title='bbox 194 1858 265 1901; x_wconf 80' lang='lat' dir='ltr'>SA.</span> 
     </span>
    </p>
   </div>
   <div class='ocr_carea' id='block_1_9' title="bbox 138 2354 268 2519">
    <p class='ocr_par' dir='ltr' id='par_1_9' title="bbox 138 2354 268 2519">
     <span class='ocr_line' id='line_1_12' title="bbox 192 2354 264 2396; baseline 0 0"><span class='ocrx_word' id='word_1_15' title='bbox 192 2354 264 2396; x_wconf 70' lang='lat' dir='ltr'>SA.</span> 
     </span>
     <span class='ocr_line' id='line_1_13' title="bbox 138 2479 268 2519; baseline 0.023 -3"><span class='ocrx_word' id='word_1_16' title='bbox 138 2491 170 2516; x_wconf 88' lang='lat'>30</span> <span class='ocrx_word' id='word_1_17' title='bbox 190 2479 268 2519; x_wconf 81' lang='grc' dir='ltr'>ΑΕ.</span> 
     </span>
    </p>
   </div>
   <div class='ocr_carea' id='block_1_10' title="bbox 191 2601 262 2643">
    <p class='ocr_par' dir='ltr' id='par_1_10' title="bbox 191 2601 262 2643">
     <span class='ocr_line' id='line_1_14' title="bbox 191 2601 262 2643; baseline -0.028 0"><span class='ocrx_word' id='word_1_18' title='bbox 191 2601 262 2643; x_wconf 77' lang='lat' dir='ltr'>SA.</span> 
     </span>
    </p>
   </div>
   <div class='ocr_carea' id='block_1_11' title="bbox 699 149 1478 197">
    <p class='ocr_par' dir='ltr' id='par_1_11' title="bbox 699 149 1478 197">
     <span class='ocr_line' id='line_1_15' title="bbox 699 149 1478 197; baseline -0.006 -1"><span class='ocrx_word' id='word_1_19' title='bbox 699 161 975 197; x_wconf 87' lang='lat' dir='ltr'><strong>ADELPHOE</strong></span> <span class='ocrx_word' id='word_1_20' title='bbox 1397 149 1478 191; x_wconf 81' lang='grc'>243</span> 
     </span>
    </p>
   </div>
   <div class='ocr_carea' id='block_1_12' title="bbox 301 241 1569 2770">
    <p class='ocr_par' dir='ltr' id='par_1_12' title="bbox 309 241 1478 360">
     <span class='ocr_line' id='line_1_16' title="bbox 309 241 1478 298; baseline -0.003 -14"><span class='ocrx_word' id='word_1_21' title='bbox 309 242 372 284; x_wconf 91' lang='lat' dir='ltr'>Te</span> <span class='ocrx_word' id='word_1_22' title='bbox 397 243 486 284; x_wconf 85' lang='lat' dir='ltr'>esse</span> <span class='ocrx_word' id='word_1_23' title='bbox 517 243 668 284; x_wconf 83' lang='lat' dir='ltr'>iniuria</span> <span class='ocrx_word' id='word_1_24' title='bbox 699 243 809 291; x_wconf 62' lang='lat' dir='ltr'>heic&#39;,</span> <span class='ocrx_word' id='word_1_25' title='bbox 842 243 1022 298; x_wconf 80' lang='lat' dir='ltr'>indignis</span> <span class='ocrx_word' id='word_1_26' title='bbox 1048 256 1173 295; x_wconf 90' lang='lat' dir='ltr'>quom</span> <span class='ocrx_word' id='word_1_27' title='bbox 1206 243 1371 296; x_wconf 84' lang='lat' dir='ltr'>egomet</span> <span class='ocrx_word' id='word_1_28' title='bbox 1402 241 1478 281; x_wconf 91' lang='lat' dir='ltr'>sim</span> 
     </span>
     <span class='ocr_line' id='line_1_17' title="bbox 759 304 1124 360; baseline -0.005 -14"><span class='ocrx_word' id='word_1_29' title='bbox 759 305 954 360; x_wconf 76' lang='lat' dir='ltr'>acceptus</span> <span class='ocrx_word' id='word_1_30' title='bbox 979 304 1124 345; x_wconf 86' lang='lat' dir='ltr'>modis.</span> 
     </span>
    </p>

    <p class='ocr_par' dir='ltr' id='par_1_13' title="bbox 309 352 1478 469">
     <span class='ocr_line' id='line_1_18' title="bbox 309 352 1478 420; baseline -0.001 -15"><span class='ocrx_word' id='word_1_31' title='bbox 309 352 395 406; x_wconf 73' lang='lat' dir='ltr'>Abi</span> <span class='ocrx_word' id='word_1_32' title='bbox 433 381 531 420; x_wconf 85' lang='lat' dir='ltr'>prae</span> <span class='ocrx_word' id='word_1_33' title='bbox 564 374 728 408; x_wconf 84' lang='lat' dir='ltr'>strenue</span> <span class='ocrx_word' id='word_1_34' title='bbox 758 368 807 408; x_wconf 57' lang='lat' dir='ltr'>&amp;ic</span> <span class='ocrx_word' id='word_1_35' title='bbox 842 367 952 407; x_wconf 86' lang='lat' dir='ltr'>fores</span> <span class='ocrx_word' id='word_1_36' title='bbox 988 365 1114 420; x_wconf 86' lang='lat' dir='ltr'>aperi.</span> <span class='ocrx_word' id='word_1_37' title='bbox 1175 364 1247 407; x_wconf 80' lang='lat' dir='ltr'>SA.</span> <span class='ocrx_word' id='word_1_38' title='bbox 1281 362 1478 406; x_wconf 86' lang='lat' dir='ltr'>Ceterum</span> 
     </span>
     <span class='ocr_line' id='line_1_19' title="bbox 757 427 1086 469; baseline -0.006 0"><span class='ocrx_word' id='word_1_39' title='bbox 757 428 836 469; x_wconf 90' lang='lat' dir='ltr'>hoc</span> <span class='ocrx_word' id='word_1_40' title='bbox 860 428 932 469; x_wconf 90' lang='lat' dir='ltr'>nili</span> <span class='ocrx_word' id='word_1_41' title='bbox 957 427 1086 469; x_wconf 83' lang='lat' dir='ltr'>facis?</span> 
     </span>
    </p>

    <p class='ocr_par' dir='ltr' id='par_1_14' title="bbox 309 488 1477 601">
     <span class='ocr_line' id='line_1_20' title="bbox 309 488 1477 532; baseline 0.002 -4"><span class='ocrx_word' id='word_1_42' title='bbox 309 488 330 529; x_wconf 93' lang='grc' dir='ltr'>Ι</span> <span class='ocrx_word' id='word_1_43' title='bbox 354 490 460 530; x_wconf 84' lang='lat' dir='ltr'>intro</span> <span class='ocrx_word' id='word_1_44' title='bbox 492 490 685 531; x_wconf 58' lang='lat' dir='ltr'>nunciam</span> <span class='ocrx_word' id='word_1_45' title='bbox 717 497 774 531; x_wconf 80' lang='lat' dir='ltr'>tu.</span> <span class='ocrx_word' id='word_1_46' title='bbox 836 490 908 532; x_wconf 75' lang='lat' dir='ltr'>SA.</span> <span class='ocrx_word' id='word_1_47' title='bbox 936 489 1060 530; x_wconf 85' lang='lat' dir='ltr'>Enim</span> <span class='ocrx_word' id='word_1_48' title='bbox 1091 504 1173 530; x_wconf 90' lang='lat' dir='ltr'>non</span> <span class='ocrx_word' id='word_1_49' title='bbox 1205 489 1349 530; x_wconf 84' lang='lat' dir='ltr'>sinam.</span> <span class='ocrx_word' id='word_1_50' title='bbox 1399 489 1477 530; x_wconf 66' lang='lat' dir='ltr'>Aa.</span> 
     </span>
     <span class='ocr_line' id='line_1_21' title="bbox 756 540 1313 601; baseline -0.004 -7"><span class='ocrx_word' id='word_1_51' title='bbox 756 540 926 594; x_wconf 66' lang='lat' dir='ltr'>Accede</span> <span class='ocrx_word' id='word_1_52' title='bbox 951 553 1061 600; x_wconf 86' lang='lat' dir='ltr'>illuc,</span> <span class='ocrx_word' id='word_1_53' title='bbox 1086 552 1313 601; x_wconf 62' lang='lat' dir='ltr'>Permen03</span> 
     </span>
    </p>

    <p class='ocr_par' dir='ltr' id='par_1_15' title="bbox 308 612 1476 726">
     <span class='ocr_line' id='line_1_22' title="bbox 308 612 1476 669; baseline -0.002 -16"><span class='ocrx_word' id='word_1_54' title='bbox 308 612 493 654; x_wconf 90' lang='lat' dir='ltr'>Nimium</span> <span class='ocrx_word' id='word_1_55' title='bbox 530 614 635 655; x_wconf 86' lang='lat' dir='ltr'>istuc</span> <span class='ocrx_word' id='word_1_56' title='bbox 671 615 812 656; x_wconf 81' lang='lat' dir='ltr'>abisti:</span> <span class='ocrx_word' id='word_1_57' title='bbox 850 615 916 655; x_wconf 88' lang='lat' dir='ltr'>hic</span> <span class='ocrx_word' id='word_1_58' title='bbox 953 622 1121 669; x_wconf 86' lang='lat' dir='ltr'>propter</span> <span class='ocrx_word' id='word_1_59' title='bbox 1156 614 1267 655; x_wconf 64' lang='lat' dir='ltr'>himo</span> <span class='ocrx_word' id='word_1_60' title='bbox 1304 614 1476 655; x_wconf 84' lang='lat' dir='ltr'>adsiste:</span> 
     </span>
     <span class='ocr_line' id='line_1_23' title="bbox 758 677 1055 726; baseline -0.007 -9"><span class='ocrx_word' id='word_1_61' title='bbox 758 692 837 726; x_wconf 86' lang='lat' dir='ltr'>em,</span> <span class='ocrx_word' id='word_1_62' title='bbox 865 679 923 718; x_wconf 86' lang='lat' dir='ltr'>sic</span> <span class='ocrx_word' id='word_1_63' title='bbox 949 677 1055 717; x_wconf 85' lang='lat' dir='ltr'>uolo.</span> 
     </span>
    </p>

    <p class='ocr_par' dir='ltr' id='par_1_16' title="bbox 309 736 1569 850">
     <span class='ocr_line' id='line_1_24' title="bbox 309 736 1569 792; baseline 0.001 -13"><span class='ocrx_word' id='word_1_64' title='bbox 309 736 427 779; x_wconf 83' lang='lat' dir='ltr'>Caue</span> <span class='ocrx_word' id='word_1_65' title='bbox 451 738 643 779; x_wconf 70' lang='lat' dir='ltr'>nunciam</span> <span class='ocrx_word' id='word_1_66' title='bbox 671 740 811 780; x_wconf 87' lang='lat' dir='ltr'>oculos</span> <span class='ocrx_word' id='word_1_67' title='bbox 836 741 862 779; x_wconf 70' lang='grc' dir='ltr'>ά</span> <span class='ocrx_word' id='word_1_68' title='bbox 885 739 987 780; x_wconf 89' lang='lat' dir='ltr'>meis</span> <span class='ocrx_word' id='word_1_69' title='bbox 1013 739 1142 779; x_wconf 85' lang='lat' dir='ltr'>oculis</span> <span class='ocrx_word' id='word_1_70' title='bbox 1168 738 1380 792; x_wconf 75' lang='lat' dir='ltr'>quequam</span> <span class='ocrx_word' id='word_1_71' title='bbox 1406 738 1477 780; x_wconf 85' lang='lat' dir='ltr'>de·</span> <span class='ocrx_word' id='word_1_72' title='bbox 1502 740 1569 774; x_wconf 76' lang='grc'>170</span> 
     </span>
     <span class='ocr_line' id='line_1_25' title="bbox 758 803 1060 850; baseline -0.003 -8"><span class='ocrx_word' id='word_1_73' title='bbox 758 803 927 842; x_wconf 84' lang='lat' dir='ltr'>mouea&#39;s</span> <span class='ocrx_word' id='word_1_74' title='bbox 953 808 1060 850; x_wconf 85' lang='lat' dir='ltr'>tuos,</span> 
     </span>
    </p>

    <p class='ocr_par' dir='ltr' id='par_1_17' title="bbox 308 863 1476 967">
     <span class='ocr_line' id='line_1_26' title="bbox 308 863 1476 918; baseline -0.001 -14"><span class='ocrx_word' id='word_1_75' title='bbox 308 863 372 904; x_wconf 92' lang='lat' dir='ltr'>Ne</span> <span class='ocrx_word' id='word_1_76' title='bbox 398 864 513 904; x_wconf 75' lang='lat' dir='ltr'>mera·</span> <span class='ocrx_word' id='word_1_77' title='bbox 538 863 602 913; x_wconf 80' lang='lat' dir='ltr'>sit,</span> <span class='ocrx_word' id='word_1_78' title='bbox 634 864 667 904; x_wconf 89' lang='lat' dir='ltr'>si</span> <span class='ocrx_word' id='word_1_79' title='bbox 698 864 917 912; x_wconf 84' lang='lat' dir='ltr'>innuerim,</span> <span class='ocrx_word' id='word_1_80' title='bbox 950 863 1051 917; x_wconf 90' lang='lat' dir='ltr'>quin</span> <span class='ocrx_word' id='word_1_81' title='bbox 1082 878 1248 918; x_wconf 82' lang='lat' dir='ltr'>pugnus</span> <span class='ocrx_word' id='word_1_82' title='bbox 1281 863 1476 903; x_wconf 78' lang='lat' dir='ltr'>centinuo</span> 
     </span>
     <span class='ocr_line' id='line_1_27' title="bbox 756 926 1136 967; baseline -0.003 -1"><span class='ocrx_word' id='word_1_83' title='bbox 756 926 798 966; x_wconf 91' lang='lat' dir='ltr'>in</span> <span class='ocrx_word' id='word_1_84' title='bbox 823 926 931 967; x_wconf 83' lang='lat' dir='ltr'>mala</span> <span class='ocrx_word' id='word_1_85' title='bbox 955 926 1136 967; x_wconf 82' lang='lat' dir='ltr'>haereat.</span> 
     </span>
    </p>

    <p class='ocr_par' dir='ltr' id='par_1_18' title="bbox 307 988 1475 1091">
     <span class='ocr_line' id='line_1_28' title="bbox 307 988 1475 1043; baseline 0 -15"><span class='ocrx_word' id='word_1_86' title='bbox 307 988 419 1029; x_wconf 75' lang='lat' dir='ltr'>Istuc</span> <span class='ocrx_word' id='word_1_87' title='bbox 443 988 538 1029; x_wconf 91' lang='lat' dir='ltr'>uolo</span> <span class='ocrx_word' id='word_1_88' title='bbox 564 1003 663 1043; x_wconf 83' lang='lat' dir='ltr'>ergo</span> <span class='ocrx_word' id='word_1_89' title='bbox 694 988 830 1043; x_wconf 88' lang='lat' dir='ltr'>ipsum</span> <span class='ocrx_word' id='word_1_90' title='bbox 859 988 1048 1043; x_wconf 84' lang='lat' dir='ltr'>experiri.</span> <span class='ocrx_word' id='word_1_91' title='bbox 1108 988 1189 1029; x_wconf 73' lang='lat' dir='ltr'>An.</span> <span class='ocrx_word' id='word_1_92' title='bbox 1217 988 1310 1037; x_wconf 88' lang='lat' dir='ltr'>Em,</span> <span class='ocrx_word' id='word_1_93' title='bbox 1343 989 1475 1029; x_wconf 85' lang='lat' dir='ltr'>serua.</span> 
     </span>
     <span class='ocr_line' id='line_1_29' title="bbox 758 1050 1153 1091; baseline -0.003 0"><span class='ocrx_word' id='word_1_94' title='bbox 758 1051 901 1091; x_wconf 86' lang='lat' dir='ltr'>omitte</span> <span class='ocrx_word' id='word_1_95' title='bbox 927 1050 1153 1091; x_wconf 78' lang='lat' dir='ltr'>mulierem.</span> 
     </span>
    </p>

    <p class='ocr_par' dir='ltr' id='par_1_19' title="bbox 307 1111 1475 1216">
     <span class='ocr_line' id='line_1_30' title="bbox 307 1111 1475 1168; baseline 0.002 -16"><span class='ocrx_word' id='word_1_96' title='bbox 307 1111 348 1152; x_wconf 89' lang='lat' dir='ltr'>O</span> <span class='ocrx_word' id='word_1_97' title='bbox 374 1112 591 1168; x_wconf 81' lang='lat' dir='ltr'>indignum</span> <span class='ocrx_word' id='word_1_98' title='bbox 618 1112 798 1154; x_wconf 70' lang='lat' dir='ltr'>facinus!</span> <span class='ocrx_word' id='word_1_99' title='bbox 847 1114 928 1154; x_wconf 78' lang='grc' dir='ltr'>ΑΕ.</span> <span class='ocrx_word' id='word_1_100' title='bbox 953 1113 1042 1154; x_wconf 90' lang='lat' dir='ltr'>Nisi</span> <span class='ocrx_word' id='word_1_101' title='bbox 1067 1128 1204 1161; x_wconf 76' lang='lat' dir='ltr'>caueS,</span> <span class='ocrx_word' id='word_1_102' title='bbox 1236 1113 1475 1167; x_wconf 56' lang='lat' dir='ltr'>geminabit.</span> 
     </span>
     <span class='ocr_line' id='line_1_31' title="bbox 756 1173 1227 1216; baseline -0.002 0"><span class='ocrx_word' id='word_1_103' title='bbox 756 1173 826 1216; x_wconf 81' lang='lat' dir='ltr'>SA.</span> <span class='ocrx_word' id='word_1_104' title='bbox 854 1175 907 1216; x_wconf 83' lang='lat' dir='ltr'>Ei</span> <span class='ocrx_word' id='word_1_105' title='bbox 933 1175 1082 1216; x_wconf 73' lang='lat' dir='ltr'>misere</span> <span class='ocrx_word' id='word_1_106' title='bbox 1109 1174 1227 1215; x_wconf 74' lang='lat' dir='ltr'>mihi!</span> 
     </span>
    </p>

    <p class='ocr_par' dir='ltr' id='par_1_20' title="bbox 306 1235 1475 1354">
     <span class='ocr_line' id='line_1_32' title="bbox 306 1235 1475 1292; baseline 0.002 -16"><span class='ocrx_word' id='word_1_107' title='bbox 306 1235 402 1277; x_wconf 90' lang='lat' dir='ltr'>Non</span> <span class='ocrx_word' id='word_1_108' title='bbox 437 1237 671 1285; x_wconf 84' lang='lat' dir='ltr'>innueram;</span> <span class='ocrx_word' id='word_1_109' title='bbox 716 1252 863 1278; x_wconf 88' lang='lat' dir='ltr'>uerum</span> <span class='ocrx_word' id='word_1_110' title='bbox 899 1239 939 1277; x_wconf 87' lang='lat' dir='ltr'>in</span> <span class='ocrx_word' id='word_1_111' title='bbox 976 1237 1098 1277; x_wconf 78' lang='lat' dir='ltr'>istam</span> <span class='ocrx_word' id='word_1_112' title='bbox 1140 1244 1298 1292; x_wconf 82' lang='lat' dir='ltr'>partem</span> <span class='ocrx_word' id='word_1_113' title='bbox 1342 1237 1475 1291; x_wconf 69' lang='lat' dir='ltr'>petius</span> 
     </span>
     <span class='ocr_line' id='line_1_33' title="bbox 755 1300 1103 1354; baseline -0.003 -14"><span class='ocrx_word' id='word_1_114' title='bbox 755 1300 925 1354; x_wconf 80' lang='lat' dir='ltr'>peccate</span> <span class='ocrx_word' id='word_1_115' title='bbox 952 1306 1103 1340; x_wconf 82' lang='lat' dir='ltr'>tamen.</span> 
     </span>
    </p>

    <p class='ocr_par' dir='ltr' id='par_1_21' title="bbox 305 1360 1566 1479">
     <span class='ocr_line' id='line_1_34' title="bbox 305 1360 1566 1416; baseline 0.002 -16"><span class='ocrx_word' id='word_1_116' title='bbox 305 1360 326 1400; x_wconf 93' lang='lat' dir='ltr'>I</span> <span class='ocrx_word' id='word_1_117' title='bbox 362 1361 570 1402; x_wconf 83' lang='lat' dir='ltr'>m&#39;meiam.</span> <span class='ocrx_word' id='word_1_118' title='bbox 597 1385 652 1390; x_wconf 91' lang='lat'>—</span> <span class='ocrx_word' id='word_1_119' title='bbox 678 1360 749 1402; x_wconf 81' lang='lat' dir='ltr'>SA.</span> <span class='ocrx_word' id='word_1_120' title='bbox 794 1361 908 1413; x_wconf 92' lang='lat' dir='ltr'>Quid</span> <span class='ocrx_word' id='word_1_121' title='bbox 947 1361 1022 1402; x_wconf 76' lang='lat' dir='ltr'>hec</span> <span class='ocrx_word' id='word_1_122' title='bbox 1057 1361 1180 1402; x_wconf 80' lang='lat' dir='ltr'>reist‘?</span> <span class='ocrx_word' id='word_1_123' title='bbox 1228 1376 1472 1416; x_wconf 83' lang='lat' dir='ltr'>regnumne,</span> <span class='ocrx_word' id='word_1_124' title='bbox 1500 1363 1566 1398; x_wconf 85' lang='lat'>175</span> 
     </span>
     <span class='ocr_line' id='line_1_35' title="bbox 756 1423 1380 1479; baseline 0 -15"><span class='ocrx_word' id='word_1_125' title='bbox 756 1424 983 1472; x_wconf 79' lang='lat' dir='ltr'>Aeschine,</span> <span class='ocrx_word' id='word_1_126' title='bbox 1009 1423 1076 1464; x_wconf 91' lang='lat' dir='ltr'>hic</span> <span class='ocrx_word' id='word_1_127' title='bbox 1101 1431 1146 1465; x_wconf 84' lang='lat' dir='ltr'>tu</span> <span class='ocrx_word' id='word_1_128' title='bbox 1170 1424 1380 1479; x_wconf 82' lang='lat' dir='ltr'>pessides‘?</span> 
     </span>
    </p>

    <p class='ocr_par' dir='ltr' id='par_1_22' title="bbox 307 1484 1476 1590">
     <span class='ocr_line' id='line_1_36' title="bbox 307 1484 1476 1540; baseline 0.002 -15"><span class='ocrx_word' id='word_1_129' title='bbox 307 1484 354 1526; x_wconf 83' lang='lat' dir='ltr'>Si</span> <span class='ocrx_word' id='word_1_130' title='bbox 401 1485 667 1540; x_wconf 80' lang='lat' dir='ltr'>pessiderem,</span> <span class='ocrx_word' id='word_1_131' title='bbox 717 1489 885 1527; x_wconf 58' lang='lat' dir='ltr'>ornasstus</span> <span class='ocrx_word' id='word_1_132' title='bbox 934 1501 1045 1528; x_wconf 87' lang='lat' dir='ltr'>esses</span> <span class='ocrx_word' id='word_1_133' title='bbox 1087 1488 1138 1527; x_wconf 86' lang='lat' dir='ltr'>ex</span> <span class='ocrx_word' id='word_1_134' title='bbox 1185 1486 1266 1527; x_wconf 85' lang='lat' dir='ltr'>tuis</span> <span class='ocrx_word' id='word_1_135' title='bbox 1313 1486 1476 1527; x_wconf 70' lang='lat' dir='ltr'>uirtuti-</span> 
     </span>
     <span class='ocr_line' id='line_1_37' title="bbox 754 1549 845 1590; baseline 0 -1"><span class='ocrx_word' id='word_1_136' title='bbox 754 1549 845 1590; x_wconf 89' lang='lat' dir='ltr'>bus.</span> 
     </span>
    </p>

    <p class='ocr_par' dir='ltr' id='par_1_23' title="bbox 305 1609 1474 1727">
     <span class='ocr_line' id='line_1_38' title="bbox 305 1609 1474 1663; baseline 0.003 -13"><span class='ocrx_word' id='word_1_137' title='bbox 305 1610 419 1662; x_wconf 89' lang='lat' dir='ltr'>Quid</span> <span class='ocrx_word' id='word_1_138' title='bbox 440 1610 514 1651; x_wconf 83' lang='lat' dir='ltr'>tibi</span> <span class='ocrx_word' id='word_1_139' title='bbox 533 1610 589 1651; x_wconf 91' lang='lat' dir='ltr'>rei</span> <span class='ocrx_word' id='word_1_140' title='bbox 609 1612 838 1652; x_wconf 86' lang='lat' dir='ltr'>mecumst‘?</span> <span class='ocrx_word' id='word_1_141' title='bbox 862 1611 943 1651; x_wconf 71' lang='grc' dir='ltr'>ΑΒ.</span> <span class='ocrx_word' id='word_1_142' title='bbox 965 1611 1045 1652; x_wconf 86' lang='lat' dir='ltr'>Nil.</span> <span class='ocrx_word' id='word_1_143' title='bbox 1075 1611 1146 1652; x_wconf 78' lang='lat' dir='ltr'>SA.</span> <span class='ocrx_word' id='word_1_144' title='bbox 1168 1609 1314 1663; x_wconf 81' lang='lat' dir='ltr'>Quid?</span> <span class='ocrx_word' id='word_1_145' title='bbox 1338 1611 1474 1653; x_wconf 80' lang='lat' dir='ltr'>nostin</span> 
     </span>
     <span class='ocr_line' id='line_1_39' title="bbox 754 1673 1428 1727; baseline 0.001 -14"><span class='ocrx_word' id='word_1_146' title='bbox 754 1675 825 1727; x_wconf 89' lang='lat' dir='ltr'>qui</span> <span class='ocrx_word' id='word_1_147' title='bbox 850 1673 952 1713; x_wconf 82' lang='lat' dir='ltr'>sim?</span> <span class='ocrx_word' id='word_1_148' title='bbox 1000 1674 1079 1713; x_wconf 63' lang='lat' dir='ltr'>AB.</span> <span class='ocrx_word' id='word_1_149' title='bbox 1106 1673 1201 1713; x_wconf 90' lang='lat' dir='ltr'>Non</span> <span class='ocrx_word' id='word_1_150' title='bbox 1227 1673 1428 1715; x_wconf 79' lang='lat' dir='ltr'>desidero.</span> 
     </span>
    </p>

    <p class='ocr_par' dir='ltr' id='par_1_24' title="bbox 304 1735 1473 1838">
     <span class='ocr_line' id='line_1_40' title="bbox 304 1735 1473 1790; baseline 0.003 -15"><span class='ocrx_word' id='word_1_151' title='bbox 304 1735 472 1790; x_wconf 79' lang='lat' dir='ltr'>Tetigin</span> <span class='ocrx_word' id='word_1_152' title='bbox 504 1736 564 1776; x_wconf 85' lang='lat' dir='ltr'>tui</span> <span class='ocrx_word' id='word_1_153' title='bbox 595 1736 843 1789; x_wconf 83' lang='lat' dir='ltr'>quicquam?</span> <span class='ocrx_word' id='word_1_154' title='bbox 897 1736 976 1776; x_wconf 79' lang='grc' dir='ltr'>ΑΕ.</span> <span class='ocrx_word' id='word_1_155' title='bbox 1010 1735 1057 1777; x_wconf 81' lang='lat' dir='ltr'>Si</span> <span class='ocrx_word' id='word_1_156' title='bbox 1088 1736 1307 1790; x_wconf 49' lang='lat' dir='ltr'>attigisse&amp;</span> <span class='ocrx_word' id='word_1_157' title='bbox 1345 1737 1473 1778; x_wconf 85' lang='lat' dir='ltr'>ferres</span> 
     </span>
     <span class='ocr_line' id='line_1_41' title="bbox 754 1797 1040 1838; baseline 0 -1"><span class='ocrx_word' id='word_1_158' title='bbox 754 1797 1040 1838; x_wconf 78' lang='lat' dir='ltr'>infortunium.</span> 
     </span>
    </p>

    <p class='ocr_par' dir='ltr' id='par_1_25' title="bbox 304 1858 1473 1977">
     <span class='ocr_line' id='line_1_42' title="bbox 304 1858 1473 1916; baseline 0.003 -17"><span class='ocrx_word' id='word_1_159' title='bbox 304 1858 390 1911; x_wconf 85' lang='lat' dir='ltr'>Qui</span> <span class='ocrx_word' id='word_1_160' title='bbox 421 1859 495 1900; x_wconf 80' lang='lat' dir='ltr'>tibi</span> <span class='ocrx_word' id='word_1_161' title='bbox 527 1861 659 1915; x_wconf 79' lang='lat' dir='ltr'>magis</span> <span class='ocrx_word' id='word_1_162' title='bbox 690 1859 784 1901; x_wconf 84' lang='lat' dir='ltr'>licet</span> <span class='ocrx_word' id='word_1_163' title='bbox 815 1875 950 1900; x_wconf 87' lang='lat' dir='ltr'>meam</span> <span class='ocrx_word' id='word_1_164' title='bbox 981 1859 1148 1908; x_wconf 82' lang='lat' dir='ltr'>habere,</span> <span class='ocrx_word' id='word_1_165' title='bbox 1181 1861 1254 1915; x_wconf 74' lang='lat' dir='ltr'>pre</span> <span class='ocrx_word' id='word_1_166' title='bbox 1281 1875 1365 1914; x_wconf 85' lang='lat' dir='ltr'>qua</span> <span class='ocrx_word' id='word_1_167' title='bbox 1395 1876 1473 1916; x_wconf 85' lang='lat' dir='ltr'>ego</span> 
     </span>
     <span class='ocr_line' id='line_1_43' title="bbox 754 1922 1118 1977; baseline -0.003 -14"><span class='ocrx_word' id='word_1_168' title='bbox 754 1923 972 1977; x_wconf 69' lang='lat' dir='ltr'>argentum</span> <span class='ocrx_word' id='word_1_169' title='bbox 998 1922 1118 1963; x_wconf 84' lang='lat' dir='ltr'>dedi?</span> 
     </span>
    </p>

    <p class='ocr_par' dir='ltr' id='par_1_26' title="bbox 304 1983 1563 2094">
     <span class='ocr_line' id='line_1_44' title="bbox 304 1983 1563 2037; baseline 0.002 -13"><span class='ocrx_word' id='word_1_170' title='bbox 304 1983 537 2037; x_wconf 83' lang='lat' dir='ltr'>Respc&#39;mde.</span> <span class='ocrx_word' id='word_1_171' title='bbox 586 1984 666 2024; x_wconf 73' lang='grc' dir='ltr'>ΑΕ.</span> <span class='ocrx_word' id='word_1_172' title='bbox 689 1984 802 2025; x_wconf 83' lang='lat' dir='ltr'>Ante</span> <span class='ocrx_word' id='word_1_173' title='bbox 823 1984 937 2025; x_wconf 83' lang='lat' dir='ltr'>aedis</span> <span class='ocrx_word' id='word_1_174' title='bbox 957 1985 1041 2024; x_wconf 77' lang='lat' dir='ltr'>nen</span> <span class='ocrx_word' id='word_1_175' title='bbox 1061 1983 1208 2025; x_wconf 84' lang='lat' dir='ltr'>fecisse</span> <span class='ocrx_word' id='word_1_176' title='bbox 1229 1984 1304 2025; x_wconf 84' lang='lat' dir='ltr'>erit</span> <span class='ocrx_word' id='word_1_177' title='bbox 1324 1985 1470 2027; x_wconf 83' lang='lat' dir='ltr'>melius</span> <span class='ocrx_word' id='word_1_178' title='bbox 1498 1992 1563 2027; x_wconf 84' lang='lat'>180</span> 
     </span>
     <span class='ocr_line' id='line_1_45' title="bbox 754 2046 1099 2094; baseline 0 -8"><span class='ocrx_word' id='word_1_179' title='bbox 754 2046 820 2087; x_wconf 91' lang='lat' dir='ltr'>hic</span> <span class='ocrx_word' id='word_1_180' title='bbox 845 2046 1099 2094; x_wconf 84' lang='lat' dir='ltr'>conuicium3</span> 
     </span>
    </p>

    <p class='ocr_par' dir='ltr' id='par_1_27' title="bbox 302 2106 1472 2224">
     <span class='ocr_line' id='line_1_46' title="bbox 302 2106 1472 2164; baseline 0.003 -17"><span class='ocrx_word' id='word_1_181' title='bbox 302 2106 411 2147; x_wconf 87' lang='lat' dir='ltr'>Nam</span> <span class='ocrx_word' id='word_1_182' title='bbox 437 2108 469 2147; x_wconf 86' lang='lat' dir='ltr'>si</span> <span class='ocrx_word' id='word_1_183' title='bbox 494 2107 693 2148; x_wconf 83' lang='lat' dir='ltr'>molestus</span> <span class='ocrx_word' id='word_1_184' title='bbox 719 2107 858 2162; x_wconf 84' lang='lat' dir='ltr'>pergis</span> <span class='ocrx_word' id='word_1_185' title='bbox 890 2122 992 2156; x_wconf 81' lang='lat' dir='ltr'>esse,</span> <span class='ocrx_word' id='word_1_186' title='bbox 1024 2107 1105 2147; x_wconf 85' lang='lat' dir='ltr'>iarn</span> <span class='ocrx_word' id='word_1_187' title='bbox 1131 2109 1237 2147; x_wconf 81' lang='lat' dir='ltr'>intro</span> <span class='ocrx_word' id='word_1_188' title='bbox 1269 2108 1472 2164; x_wconf 87' lang='lat' dir='ltr'>abripiere</span> 
     </span>
     <span class='ocr_line' id='line_1_47' title="bbox 752 2170 959 2224; baseline -0.005 -14"><span class='ocrx_word' id='word_1_189' title='bbox 752 2172 877 2224; x_wconf 65' lang='lat' dir='ltr'>etque</span> <span class='ocrx_word' id='word_1_190' title='bbox 901 2170 959 2210; x_wconf 90' lang='lat' dir='ltr'>ibi</span> 
     </span>
    </p>

    <p class='ocr_par' dir='ltr' id='par_1_28' title="bbox 302 2231 1472 2335">
     <span class='ocr_line' id='line_1_48' title="bbox 302 2231 1472 2287; baseline 0.003 -15"><span class='ocrx_word' id='word_1_191' title='bbox 302 2232 447 2285; x_wconf 89' lang='lat' dir='ltr'>Vsque</span> <span class='ocrx_word' id='word_1_192' title='bbox 472 2232 526 2272; x_wconf 60' lang='lat' dir='ltr'>aid</span> <span class='ocrx_word' id='word_1_193' title='bbox 551 2247 692 2274; x_wconf 86' lang='lat' dir='ltr'>necem</span> <span class='ocrx_word' id='word_1_194' title='bbox 720 2233 905 2287; x_wconf 79' lang='lat' dir='ltr'>operiere</span> <span class='ocrx_word' id='word_1_195' title='bbox 929 2232 1040 2274; x_wconf 88' lang='lat' dir='ltr'>loris.</span> <span class='ocrx_word' id='word_1_196' title='bbox 1096 2231 1169 2274; x_wconf 84' lang='lat' dir='ltr'>SA.</span> <span class='ocrx_word' id='word_1_197' title='bbox 1196 2233 1318 2274; x_wconf 77' lang='lat' dir='ltr'>Leris</span> <span class='ocrx_word' id='word_1_198' title='bbox 1344 2233 1472 2276; x_wconf 76' lang='lat' dir='ltr'>liber?</span> 
     </span>
     <span class='ocr_line' id='line_1_49' title="bbox 751 2293 1044 2335; baseline 0 -1"><span class='ocrx_word' id='word_1_199' title='bbox 751 2296 832 2334; x_wconf 79' lang='grc' dir='ltr'>ΑΕ.</span> <span class='ocrx_word' id='word_1_200' title='bbox 860 2293 931 2335; x_wconf 88' lang='lat' dir='ltr'>Sic</span> <span class='ocrx_word' id='word_1_201' title='bbox 956 2294 1044 2335; x_wconf 87' lang='lat' dir='ltr'>erit.</span> 
     </span>
    </p>

    <p class='ocr_par' dir='ltr' id='par_1_29' title="bbox 303 2353 1472 2471">
     <span class='ocr_line' id='line_1_50' title="bbox 303 2353 1472 2410; baseline 0.003 -15"><span class='ocrx_word' id='word_1_202' title='bbox 303 2353 343 2395; x_wconf 91' lang='grc' dir='ltr'>Ο</span> <span class='ocrx_word' id='word_1_203' title='bbox 388 2354 598 2396; x_wconf 74' lang='lat' dir='ltr'>heminem</span> <span class='ocrx_word' id='word_1_204' title='bbox 642 2355 857 2410; x_wconf 77' lang='lat' dir='ltr'>inpurum!</span> <span class='ocrx_word' id='word_1_205' title='bbox 903 2355 1038 2396; x_wconf 90' lang='lat' dir='ltr'>hicine</span> <span class='ocrx_word' id='word_1_206' title='bbox 1080 2355 1314 2397; x_wconf 81' lang='lat' dir='ltr'>libertatem</span> <span class='ocrx_word' id='word_1_207' title='bbox 1356 2357 1472 2398; x_wconf 53' lang='lat' dir='ltr'>aiunt</span> 
     </span>
     <span class='ocr_line' id='line_1_51' title="bbox 752 2417 1286 2471; baseline 0.002 -14"><span class='ocrx_word' id='word_1_208' title='bbox 752 2432 842 2458; x_wconf 86' lang='lat' dir='ltr'>esse</span> <span class='ocrx_word' id='word_1_209' title='bbox 868 2432 1044 2471; x_wconf 84' lang='lat' dir='ltr'>aequam</span> <span class='ocrx_word' id='word_1_210' title='bbox 1069 2417 1286 2458; x_wconf 75' lang='lat' dir='ltr'>emnibus?</span> 
     </span>
    </p>

    <p class='ocr_par' dir='ltr' id='par_1_30' title="bbox 303 2477 1470 2582">
     <span class='ocr_line' id='line_1_52' title="bbox 303 2477 1470 2529; baseline 0.004 -11"><span class='ocrx_word' id='word_1_211' title='bbox 303 2477 349 2519; x_wconf 87' lang='lat' dir='ltr'>Si</span> <span class='ocrx_word' id='word_1_212' title='bbox 387 2477 484 2518; x_wconf 62' lang='lat' dir='ltr'>satis</span> <span class='ocrx_word' id='word_1_213' title='bbox 522 2477 604 2518; x_wconf 86' lang='lat' dir='ltr'>iam</span> <span class='ocrx_word' id='word_1_214' title='bbox 641 2478 921 2520; x_wconf 57' lang='lat' dir='ltr'>debacchatus</span> <span class='ocrx_word' id='word_1_215' title='bbox 954 2494 1016 2528; x_wconf 87' lang='lat' dir='ltr'>es,</span> <span class='ocrx_word' id='word_1_216' title='bbox 1052 2479 1166 2529; x_wconf 86' lang='lat' dir='ltr'>leno,</span> <span class='ocrx_word' id='word_1_217' title='bbox 1204 2479 1302 2520; x_wconf 77' lang='lat' dir='ltr'>audi</span> <span class='ocrx_word' id='word_1_218' title='bbox 1338 2480 1371 2522; x_wconf 84' lang='lat' dir='ltr'>si</span> <span class='ocrx_word' id='word_1_219' title='bbox 1407 2481 1470 2523; x_wconf 87' lang='lat' dir='ltr'>uis</span> 
     </span>
     <span class='ocr_line' id='line_1_53' title="bbox 751 2540 957 2582; baseline 0.005 -2"><span class='ocrx_word' id='word_1_220' title='bbox 751 2540 957 2582; x_wconf 77' lang='lat' dir='ltr'>nunciam.</span> 
     </span>
    </p>

    <p class='ocr_par' dir='ltr' id='par_1_31' title="bbox 301 2600 1562 2721">
     <span class='ocr_line' id='line_1_54' title="bbox 301 2600 1562 2656; baseline 0.002 -14"><span class='ocrx_word' id='word_1_221' title='bbox 301 2600 422 2656; x_wconf 83' lang='lat' dir='ltr'>Egon</span> <span class='ocrx_word' id='word_1_222' title='bbox 449 2601 729 2644; x_wconf 71' lang='lat' dir='ltr'>debacchatus</span> <span class='ocrx_word' id='word_1_223' title='bbox 755 2618 846 2644; x_wconf 89' lang='lat' dir='ltr'>sum</span> <span class='ocrx_word' id='word_1_224' title='bbox 872 2604 1010 2644; x_wconf 73' lang='lat' dir='ltr'>autem</span> <span class='ocrx_word' id='word_1_225' title='bbox 1037 2619 1088 2644; x_wconf 82' lang='lat' dir='ltr'>an</span> <span class='ocrx_word' id='word_1_226' title='bbox 1114 2610 1157 2644; x_wconf 86' lang='lat' dir='ltr'>tu</span> <span class='ocrx_word' id='word_1_227' title='bbox 1182 2604 1224 2644; x_wconf 92' lang='lat' dir='ltr'>in</span> <span class='ocrx_word' id='word_1_228' title='bbox 1250 2605 1340 2646; x_wconf 82' lang='lat' dir='ltr'>me?</span> <span class='ocrx_word' id='word_1_229' title='bbox 1388 2605 1468 2647; x_wconf 77' lang='grc' dir='ltr'>ΑΕ.</span> <span class='ocrx_word' id='word_1_230' title='bbox 1496 2611 1562 2646; x_wconf 85' lang='grc'>185</span> 
     </span>
     <span class='ocr_line' id='line_1_55' title="bbox 750 2666 1440 2721; baseline 0.003 -12"><span class='ocrx_word' id='word_1_231' title='bbox 750 2666 874 2709; x_wconf 82' lang='lat' dir='ltr'>Mitte</span> <span class='ocrx_word' id='word_1_232' title='bbox 898 2666 976 2708; x_wconf 83' lang='lat' dir='ltr'>ista</span> <span class='ocrx_word' id='word_1_233' title='bbox 1001 2674 1124 2721; x_wconf 84' lang='lat' dir='ltr'>atque</span> <span class='ocrx_word' id='word_1_234' title='bbox 1153 2667 1206 2707; x_wconf 85' lang='lat' dir='ltr'>ad</span> <span class='ocrx_word' id='word_1_235' title='bbox 1229 2668 1316 2708; x_wconf 83' lang='lat' dir='ltr'>rem</span> <span class='ocrx_word' id='word_1_236' title='bbox 1340 2669 1440 2711; x_wconf 74' lang='lat' dir='ltr'>redi·</span> 
     </span>
    </p>

    <p class='ocr_par' dir='ltr' id='par_1_32' title="bbox 1180 2733 1244 2770">
     <span class='ocr_line' id='line_1_56' title="bbox 1180 2733 1244 2770; baseline -0.016 0"><span class='ocrx_word' id='word_1_237' title='bbox 1180 2733 1244 2770; x_wconf 76' lang='lat'>16*</span> 
     </span>
    </p>
   </div>
  </div>
 </body>
</html>
