1700 2984
127 166 212 214 V‚9

145 509 178 534 30

197 746 276 787 NA.

147 1070 180 1095 35

199 1309 275 1350 PH.

201 1628 278 1668 DE.

150 1697 183 1721 40
202 1685 275 1725 ΡΗ.

203 1934 281 1976 ΝΑ.

153 2321 186 2345 45

206 2495 283 2536 Pu.

716 160 945 199 PHoRMIo
1392 148 1472 192 193

306 248 555 291 Vinolentus
580 246 665 287 fere
691 244 842 287 abhinc
867 257 996 285 annos
1022 240 1258 296 quindecim
1283 240 1450 282 mulier-

759 308 896 348 culam

309 373 415 429 Eam
441 370 696 426 compressit,
727 369 839 410 unde
863 368 966 409 haec
991 373 1146 415 natast3
1177 367 1315 420 neque
1338 372 1452 420 post-

754 432 825 472 illa
850 444 1047 484 umquam
1072 428 1221 483 attigit.

308 485 372 538 Ea
402 503 576 537 mortem
607 493 725 542 obiit,
756 495 778 534 e
810 493 945 534 medio
978 491 1096 541 abiit,
1134 492 1204 544 qui
1235 490 1313 531 fuit
1340 490 1384 531 in
1408 504 1452 530 re

757 555 834 596 hac
860 554 1090 609 scrupulus.

312 621 451 673 Quam
487 620 540 661 ob
576 634 663 660 rem
700 626 740 660 te
776 632 866 667 oro,
904 625 949 658 ut
984 617 1066 657 {ilia
1101 616 1212 657 facta
1242 616 1313 657 tua
1343 621 1452 665 sunt,
1478 616 1567 651 1020

756 694 888 733 aequo
916 679 1053 720 animo
1079 679 1155 719 hoc
1181 679 1301 720 feras.

312 745 424 797 Quid
455 759 532 800 ego
563 757 695 797 aequo
722 742 885 784 animo?
915 742 1036 796 cupio
1062 741 1212 782 misera
1241 741 1283 781 in
1308 740 1385 781 hato
1410 754 1453 781 re

757 805 840 845 iam
865 804 1101 859 defungier3

311 870 396 912 Sed
406 868 476 923 qui
489 866 533 908 id
546 867 733 923 sperem?
743 868 877 908 aetate
896 881 1018 922 porro
1038 867 1174 907 minus
1187 865 1455 921 peccaturum

761 929 931 984 putem?

310 996 399 1035 Iam
420 1002 507 1036 tum
527 1001 612 1034 erat
634 1007 773 1040 senex,
799 999 990 1033 senectus
1016 992 1050 1032 si
1068 990 1323 1032 uerecundos
1342 990 1454 1031 facit.

310 1045 381 1098 Ᾰη
406 1072 499 1098 mea
524 1056 657 1097 forma
683 1062 807 1108 atque
833 1055 945 1095 aetas
971 1068 1081 1094 nunc
1100 1053 1234 1108 magis
1259 1055 1456 1108 expeten-

763 1117 868 1166 dast,
894 1116 1131 1171 Demipho?

312 1182 427 1234 Quid
452 1182 506 1222 mi
533 1180 599 1221 hic
625 1180 776 1228 adfers,
803 1194 929 1233 quam
953 1179 1005 1219 db
1030 1194 1117 1220 rem
1143 1185 1360 1233 expectem
1386 1184 1457 1218 aut
1482 1178 1570 1213 10'25

758 1243 919 1297 sperem
943 1256 1065 1297 porro
1091 1242 1172 1282 non
1198 1241 1311 1282 fore?

308 1297 540 1360 Exsequias
567 1304 779 1346 Chremeti
810 1304 961 1358 quibus
995 1312 1055 1346 est
1087 1304 1352 1346 commodum
1384 1302 1457 1354 ire,

762 1383 827 1409 em
852 1368 1015 1422 tempus
1042 1375 1115 1408 est.

313 1433 383 1475 Sic
414 1432 541 1473 dabo:
573 1446 651 1487 age
681 1445 805 1480 nunc,
837 1429 1134 1471 Phormionem
1159 1431 1232 1484 qui
1262 1429 1374 1470 uolet
1398 1428 1459 1471 la-

763 1493 929 1534 cessito:

313 1558 430 1599 Faxo
456 1557 527 1598 tali
553 1558 604 1598 sit
629 1564 833 1598 mactatus
858 1558 982 1609 atque
1009 1555 1076 1596 hic
1101 1562 1161 1596 est
1186 1554 1424 1596 infortunio.

308 1683 469 1724 Redeat
501 1697 598 1722 sane
631 1681 671 1721 in
708 1681 885 1736 gratiam
922 1680 1023 1721 iam:
1062 1680 1238 1735 supplici
1270 1679 1369 1721 satis
1400 1680 1462 1720 e'st

761 1742 875 1783 mihi.

313 1808 454 1850 Habet
480 1806 582 1848 haec
602 1812 640 1848 e'1'
664 1805 789 1860 quod,
816 1805 915 1846 dum
935 1805 1064 1854 uiuat,
1090 1805 1224 1859 usque
1244 1804 1297 1845 ad
1317 1818 1460 1846 aurem
1486 1808 1575 1842 1030

762 1867 999 1923 obganniat.

312 1920 373 1975 At
397 1947 488 1974 meo
514 1932 660 1973 merito
686 1931 822 1972 cre'do.
860 1930 959 1984 quid
983 1944 1060 1985 ego
1081 1944 1191 1971 nunc
1211 1944 1462 1972 commemo-

765 2010 866 2042 rem,
893 1992 1117 2048 Demipho,

317 2057 584 2113 Singulatim,
603 2057 737 2111 qualis
757 2072 835 2112 ego
856 2056 897 2097 in
917 2056 1027 2097 hunc
1046 2055 1219 2097 fuerim?
1249 2055 1331 2097 Da.
1350 2055 1462 2097 Noui

765 2134 895 2173 aeque
922 2119 1059 2159 omnia

314 2184 487 2225 Tecum.
546 2183 624 2224 NA.
662 2182 815 2224 Merito
852 2182 929 2222 hoc
960 2181 1053 2223 meo
1085 2180 1250 2222 uidetur
1281 2181 1463 2222 factum?

765 2244 845 2285 DE.
878 2244 1071 2285 Minume
1096 2243 1298 2299 gentium.

315 2309 476 2351 Verum
499 2307 580 2348 iam
607 2307 774 2361 quando
796 2307 1031 2348 accusando
1050 2306 1141 2347 fieri
1162 2306 1363 2347 infectum
1382 2306 1463 2347 non

764 2377 912 2425 potest,

317 2419 512 2487 Ignosce:
534 2439 622 2473 orat
642 2433 858 2473 confitetur
876 2433 1045 2507 purgat:
1068 2431 1169 2485 quid
1183 2431 1246 2472 uis
1259 2431 1464 2486 amplius?
1489 2433 1577 2468 1035

315 2495 439 2535 Enim
471 2510 570 2536 uero
602 2495 715 2549 plius
747 2509 871 2548 quam
903 2494 938 2534 h·
932 2509 1005 2535 ¹tec
1036 2493 1106 2534 dat
1141 2493 1326 2543 ueniam,
1364 2493 1464 2534 mihi

765 2556 1014 2612 prospiciam
1039 2564 1078 2597 et
1103 2556 1350 2597 Phaedriae.

320 2620 438 2661 Heus
475 2619 753 2668 Nausistrata,
791 2619 905 2674 prius
942 2634 1066 2673 quam
1104 2619 1199 2659 huic
1237 2619 1462 2673 respondes

766 2690 932 2730 temere,
960 2682 1068 2723 audi.
1118 2682 1195 2723 NA.
1225 2681 1337 2732 Quid
1363 2682 1449 2723 est?

280 2749 429 2775 Terentius.
1218 2749 1260 2782 13
