1700 2984
65 161 130 206 IV,
147 162 169 196 3
452 157 697 195 HEAVTON
721 156 1086 193 TIMORVMENOS
1355 148 1378 189 8
1386 148 1405 187 1

244 241 384 283 Amici
418 255 585 294 quoque
619 254 706 289 res,
744 238 900 289 Clinia,
936 239 996 280 tui
1030 239 1073 281 in
1108 239 1197 280 tuto
1232 246 1279 279 ut
1314 252 1410 280 con·
1434 240 1500 276 695

689 301 861 343 locetur.

243 364 353 405 Nam
388 364 423 405 si
463 377 574 405 nunc
615 379 639 405 a
679 363 798 404 nobis
841 363 930 404 abis
972 370 1012 404 et
1048 361 1302 404 Bacchidem
1343 360 1410 403 hic

688 425 901 479 relinquis,

246 487 384 529 Senex
427 487 620 529 resciscet
660 487 754 528 ilico
798 502 887 529 esse
929 488 1105 529 amicam
1146 486 1253 528 hanc
1289 483 1409 527 Cliti-

690 549 858 604 phdnis3

79 624 113 648 20
244 611 291 654 Si
309 612 544 661 abduxeris‚
565 612 778 661 celabitur,
801 612 944 653 itidem
964 612 1009 653 ut
1029 612 1161 654 celata
1179 610 1315 652 adhuc
1334 618 1408 652 est.

132 673 206 715 CL.
244 676 305 716 At
335 676 444 716 enim
473 677 578 716 istoc
607 675 665 716 nil
697 682 759 716 est
788 675 934 730 magis,
967 673 1093 730 Syre,
1124 674 1225 716 meis
1255 675 1409 729 nuptiis

691 737 927 778 aduersum.

242 799 351 840 Nam
370 813 452 853 quo
472 800 542 841 dre
561 799 780 854 appellabc')
799 800 984 854 patrem?
997 800 1111 841 tenes
1129 799 1230 853 quid
1250 799 1411 840 dicam?
1434 800 1500 836 700

693 860 763 904 SY.
802 861 916 913 Quid
941 862 1008 902 ni?

132 921 206 965 CL.
245 922 360 976 Quid
386 923 545 964 dicam?
571 937 696 977 quam
723 938 892 965 causam
916 924 1127 966 adferam?
1188 924 1259 966 SY.
1293 924 1408 978 Quin

690 986 786 1028 n6lo
811 986 1030 1028 mentiare:

242 1049 400 1103 Aperte
426 1048 483 1089 ita
507 1055 552 1090 ut
576 1063 641 1090 res
672 1050 762 1090 sese
793 1049 918 1090 habet
942 1051 1118 1090 narrato.
1179 1047 1254 1091 Cn.
1293 1048 1409 1102 Quid

692 1111 777 1151 a'is‘?
836 1110 905 1153 SY.
942 1111 1093 1153 Iubeo:

78 1182 113 1208 25
242 1172 362 1214 Illam
393 1179 434 1214 te
465 1188 603 1214 amare
628 1180 668 1214 et
692 1173 800 1214 uelle
824 1188 1010 1223 uxorem,
1041 1173 1148 1215 hanc
1173 1175 1263 1215 e'sse
1290 1172 1408 1215 Cliti-

688 1235 849 1290 phdnis.

129 1295 205 1338 CL.
242 1297 405 1338 Bonam
429 1300 553 1352 atque
579 1298 729 1339 iustam
754 1312 840 1339 rem
866 1298 1018 1353 6ppid0
1037 1298 1215 1354 imperas
1235 1306 1275 1340 et
1293 1298 1408 1340 factu

689 1360 868 1401 facilem.

242 1421 298 1463 Et
327 1423 482 1464 scilicet
512 1422 595 1464 iam
627 1437 692 1464 me
723 1422 802 1463 hcc
832 1422 946 1464 uoles
978 1430 1137 1478 patrem
1168 1425 1337 1466 exorare
1362 1431 1408 1465 ut
1432 1425 1498 1460 705

690 1485 794 1525 celet

242 1545 395 1588 Senem
410 1547 623 1588 ucstrum‘?
662 1546 731 1589 SY.
753 1547 888 1588 Immo
902 1555 948 1588 ut
960 1549 1073 1588 recta
1087 1548 1156 1589 uia
1168 1563 1255 1590 rem
1270 1556 1407 1590 narret

691 1609 834 1650 ordine
859 1609 1037 1651 emnem.
1099 1608 1173 1651 CL.
1211 1612 1337 1661 Hem,

244 1670 362 1712 Satin
383 1672 507 1711 sanus
527 1685 570 1712 es
590 1679 661 1712 aut
680 1671 869 1712 sebrius‘?
894 1680 938 1712 tu
964 1671 1130 1726 quidem
1150 1674 1266 1715 illum
1284 1675 1406 1729 plane

687 1733 839 1788 perdis.

79 1807 112 1831 30
243 1794 373 1850 [Nam
398 1796 467 1848 qui
492 1795 560 1837 ille
585 1796 735 1851 poterit
760 1811 848 1837 esse
873 1796 915 1836 in
942 1804 1042 1846 tuto,
1069 1797 1134 1838 die
1158 1796 1290 1853 mihi.]

131 1856 199 1899 Sv.
238 1858 351 1898 Huic
375 1857 568 1911 equidem
590 1858 759 1899 consilio
778 1859 959 1913 palmam
979 1859 1050 1900 do:
1077 1859 1142 1901 hic
1161 1875 1227 1901 me
1246 1861 1407 1916 magni-

690 1921 767 1962 fice
793 1921 944 1970 ecfem,

241 1981 328 2034 Qui
348 1982 432 2022 uim
453 1990 609 2023 tantam
622 1983 664 2023 in
678 1998 744 2024 me
757 1985 797 2024 et
811 1990 1058 2038 potestatem
1073 1984 1248 2026 habeam
1268 1993 1407 2028 tantae
1432 1986 1498 2020 710

690 2046 878 2095 astutiae,

241 2107 354 2149 Vera
374 2106 549 2148 dicendo
567 2108 613 2148 ut
633 2122 702 2149 eos
723 2108 868 2149 ambos
888 2108 1046 2149 fallam:
1068 2116 1112 2149 ut
1124 2122 1251 2162 quom
1270 2112 1407 2152 narret

693 2185 819 2212 senex

245 2231 398 2274 Vcster
416 2240 555 2273 nostro
575 2248 663 2274 esse
682 2235 802 2273 istam
823 2233 998 2274 amicam
1017 2233 1146 2288 gnati,
1165 2249 1249 2276 non
1268 2236 1407 2277 credat

261 2342 270 2355 t
690 2302 841 2337 tamen.

80 2366 112 2392 35
132 2354 205 2396 CL.
242 2357 303 2396 At
344 2356 453 2397 enim
495 2372 610 2412 spem
652 2357 755 2398 istoc
796 2360 918 2413 pacto
958 2373 1123 2399 rursum
1170 2360 1407 2415 miptiarum

692 2435 856 2461 omnem
882 2420 1024 2475 eripis3

242 2480 352 2521 Nam
383 2481 481 2522 dum
512 2482 688 2523 amicam
717 2483 824 2524 hanc
853 2484 987 2524 meam
1019 2499 1108 2525 esse
1140 2485 1291 2535 credet,
1324 2488 1405 2527 n6n

691 2545 920 2587 committet
943 2546 1085 2588 filiam.

244 2605 311 2645 Τὺ.
336 2605 418 2646 fors
443 2607 543 2660 quid
568 2623 633 2648 me
659 2608 733 2648 fiat
758 2608 876 2662 parui
901 2608 1059 2663 pendis,
1090 2609 1190 2650 dum
1220 2610 1279 2652 illi
1310 2613 1406 2653 0611-
1432 2614 1497 2648 715

692 2670 816 2711 sulas.

202 2734 353 2761 Terentius.
1163 2740 1184 2773 6
