1664 2984
724 208 946 236 PRAEFATIO

1466 204 1551 235 X111

123 287 190 322 etsi
234 285 400 331 eligendo
449 283 566 329 magis
609 293 717 328 quam
767 292 823 315 ex·
848 290 1106 326 usquequaque
1124 281 1241 326 excipi
1263 281 1344 315 aliis
1361 281 1552 316 trochaicis

122 331 332 374 hauriendo,
360 328 700 374 antiquissimorum,
723 330 823 379 quot·
849 326 1022 370 versibus,
1047 326 1156 361 etiam
1176 337 1271 360 nunc
1287 331 1366 360 rata
1383 331 1551 372 certaque

124 380 210 421 quot
246 376 419 421 indagare

456 377 615 419 poterat,
661 373 825 408 0οᾱ1011111
848 372 1049 407 habeturu.

1097 371 1240 406 omnino
1257 375 1377 407 autem
1396 383 1467 415 eos,
1490 373 1552 417 qui

122 421 334 456 lectionibus
372 423 550 463 uteretur,
591 417 824 453 subtilissima
849 417 1010 451 strictam
1041 416 1310 462 responsionem
1347 418 1385 451 111
1422 418 1551 452 consti-

121 465 336 501 observandi
363 465 537 499 facultate
561 468 671 509 atque
695 462 825 497 eximia
848 462 990 497 tuendis
1028 462 1178 496 Terenti
1217 462 1367 496 canticis
1407 462 1552 497 efficere

121 510 241 562 totius·
261 511 408 556 linguae
439 510 575 544 latinae
608 508 823 554 cognitione,
849 512 1030 551 conentur,
1048 507 1182 541 frustra
1196 518 1274 542 esse
1286 511 1391 552 puto,
1409 508 1554 543 choi-ica

119 556 258 601 ingemi
274 566 410 590 summo
427 554 591 589 acumine
615 558 725 598 atque
743 564 823 588 con-

120 600 280 635 iectandi
307 601 404 635 felici
433 599 592 634 sollertia
620 599 823 641 excelleret,

120 656 191 680 non
208 657 293 680 suae
310 649 449 680 tantum
467 645 608 687 aetatis,
626 644 689 678 sed
705 648 822 688 poste-

64 700 67 701 ’
120 702 239 725 10111111
249 702 389 735 quoque
400 691 528 725 studiis
536 690 574 724 in
585 693 692 734 poeta
704 693 824 722 nostro

119 737 303 781 impensis,
333 747 399 771 nec
420 738 559 770 tantum
582 733 823 777 Terentianis,

121 782 186 815 sed
202 782 345 816 omnino
358 780 585 826 philologieis
598 779 737 823 studiis,
751 789 823 813 me—

120 826 232 861 tricae
248 827 473 872 potissimum
495 826 583 860 artis
604 825 747 870 legibus
768 835 822 858 sa-

147 872 261 906 aciter
288 871 492 917 exploratis,
525 871 716 916 plurimum
743 880 823 915 pro-

121 884 206 960 {uin
235 918 388 952 alterum
409 918 658 951 Fleckeisenum
687 914 823 960 signifi—

121 963 212 1006 cavi,
222 963 284 1007 qui
296 966 332 997 et
342 963 374 997 G
377 964 427 997 od.
434 963 635 1003 Hermanm',
643 962 822 1002 Ritschelt‘z',

121 1008 271 1042 aliorum
285 1008 447 1042 doctrina
460 1006 633 1041 scaenicis
647 1006 823 1040 Romano-

119 1065 199 1087 rum
224 1053 341 1098 poetis
369 1052 562 1087 utilissima
588 1052 758 1092 imbutus,
789 1054 824 1085 et

119 1098 198 1143 ipse
226 1099 360 1133 iudicio
391 1108 564 1143 perquam
597 1107 683 1130 sano
715 1102 823 1141 atque

121 1144 209 1178 artis
226 1143 372 1178 criticae
385 1153 518 1188 magna
534 1142 676 1187 peritia,
701 1142 824 1175 subtili

120 1199 346 1223 numerorum
370 1200 476 1223 sensu
498 1199 541 1222 ac
565 1198 703 1221 summa
727 1191 822 1221 vete—

119 1246 198 1268 rum
214 1235 427 1279 scriptorum
449 1234 653 1279 cognitione
675 1244 761 1266 usus
778 1232 823 1266 ad

121 1279 332 1315 Terentium
370 1279 548 1314 edendum
585 1279 637 1312 ita
675 1282 823 1322 paratus

121 1329 209 1369 erat,
231 1329 271 1359 ut
293 1326 370 1359 eius
393 1325 503 1358 editio
531 1327 722 1368 postquam
743 1334 823 1368 pro-

121 1370 189 1404 diit
225 1370 386 1415 (Lipsiae
425 1381 456 1403 a.
497 1370 616 1413 1857),
654 1370 823 1414 vulgatae

119 1416 233 1450 instar
273 1416 482 1458 haberetur,
528 1425 744 1459 quamquam
781 1424 822 1447 00

119 1461 210 1506 ipso,
234 1461 329 1506 quod
345 1459 629 1505 Umpfenbachii
646 1463 824 1504 apparatu

121 1506 245 1540 critico
262 1517 384 1541 carere
402 1505 570 1548 debebat,
593 1505 713 1539 multis
736 1505 823 1539 locis

120 1562 190 1585 non
222 1552 293 1585 iam
326 1562 405 1586 eam
436 1550 641 1584 fabularum
672 1550 823 1584 formam

121 1597 438 1641 condicionemque
471 1596 640 1641 praebet,
680 1596 823 1640 qualem

120 1642 409 1687 antiquissimam·
421 1641 479 1675 vel
499 1641 695 1687 genuinam
711 1640 822 1675 fuisse

119 1699 214 1722 nunc
230 1687 451 1722 confidimus.

166 1734 394 1775 Cantz'corum,
402 1742 494 1776 quae
503 1735 625 1765 extant
631 1731 667 1765 in
673 1731 822 1765 Terenti

118 1777 264 1822 fabulis,
283 1779 476 1822 compositio
490 1788 570 1811 cum
583 1777 639 1810 his
652 1777 822 1822 proximis

119 1824 222 1858 annis
250 1823 465 1869 permultum
492 1826 650 1856 tractata
678 1826 714 1856 et
741 1833 821 1867 pro-

118 1868 225 1912 fecto,
255 1869 283 1902 si
312 1869 462 1914 singulis
493 1868 582 1912 ipsis
614 1868 822 1902 auctoribus

850 553 944 587 enim
954 553 1114 587 carmina
1126 563 1338 598 graecarum
1352 553 1552 588 comoedia-

848 610 938 641 rum,
967 609 1059 643 quae
1087 609 1229 643 semper
1252 599 1437 643 strophica
1460 609 1552 633 com-

849 643 1027 687 positione
1054 644 1260 685 utebantur,
1288 643 1326 677 in
1353 644 1434 688 ipsa
1461 655 1554 678 nova

850 689 1045 733 comoedia,
1068 699 1177 733 quam
1198 689 1302 722 latini
1325 689 1452 723 comici
1474 689 1552 723 11111-

848 734 1030 777 tabantur,
1047 744 1118 767 non
1135 734 1207 767 iam
1219 734 1336 768 locum
1349 734 1552 778 habebant,

849 779 978 813 melica
1009 782 1130 813 autem
1159 779 1235 823 illa,
1271 790 1363 823 quae
1396 784 1553 814 aetatem

848 824 1018 868 tulerunt,
1034 835 1167 870 magna
1180 835 1222 858 ex
1236 828 1339 869 parte
1352 825 1429 859 sine
1444 826 1553 860 dubio

849 869 1096 911 ἀπολελυμένα
1133 874 1250 914 erant,
1295 870 1347 904 ita
1381 875 1421 904 ut
1455 871 1554 916 apud

849 914 977 948 latinos
998 915 1140 948 illorum
1160 915 1377 960 interpretes
1400 916 1553 961 strophi-

849 971 928 994 cam
945 961 1165 994 canticorum
1190 961 1485 1005 compositionem
1500 961 1553 996 in-

849 1005 1066 1050 dagantibus
1083 1005 1188 1039 nobis
1210 1017 1267 1040 res
1288 1007 1346 1039 vix
1369 1007 1456 1040 satis
1472 1018 1553 1051 pro-

849 1052 964 1084 cedat.
1012 1054 1110 1084 recte
1133 1051 1246 1096 igitur
1263 1050 1362 1085 Frid.
1381 1051 1458 1085 Leo
1476 1051 1551 1094 (Dt.

848 1096 919 1129 Lit.
940 1096 1028 1130 1882
1044 1108 1078 1140 p.
1097 1096 1176 1139 932)
1196 1096 1376 1131 monuisse
1398 1097 1553 1141 videtur,

849 1141 990 1175 cantica
1017 1141 1081 1176 illa
1109 1142 1346 1186 componendi
1375 1146 1489 1177 artem
1512 1155 1554 1178 ex

848 1186 993 1220 musicis
1022 1187 1140 1231 potius
1163 1187 1363 1221 rationibus
1391 1187 1553 1223 iudican-

850 1232 932 1266 dam
950 1232 1076 1266 esse12.

892 1277 950 1311 De
963 1279 1176 1311 stichicorum
1189 1289 1356 1312 versuum
1369 1282 1446 1313 arte
1458 1280 1554 1323 quod

848 1323 906 1356 vel
927 1323 975 1357 ad
997 1323 1218 1368 singulorum
1241 1324 1375 1368 pedum
1397 1324 1554 1359 rationes

848 1368 906 1402 vel
933 1368 980 1402 ad
1008 1379 1176 1402 caesuras
1202 1370 1261 1402 vel
1288 1370 1334 1403 ad
1363 1370 1554 1404 verborum

848 1417 1036 1447 accentum
1069 1425 1150 1448 cum
1201 1425 1369 1448 versuum
1405 1427 1553 1450 numero

848 1459 1126 1493 consociandum
1159 1459 1306 1503 attinet,
1344 1461 1554 1495 recentioris

848 1504 1000 1538 maxime
1023 1505 1153 1539 aetatis
1175 1505 1339 1540 homines
1356 1506 1452 1540 docti
1472 1518 1554 1541 cum

847 1550 1026 1594 permulta
1057 1554 1094 1583 et
1125 1554 1224 1584 recte
1258 1554 1294 1585 et
1326 1551 1464 1586 utiliter
1490 1553 1552 1586 ob-

847 1595 1077 1639 servaverint,
1099 1598 1175 1628 tum
1192 1606 1288 1638 vero,
1310 1600 1350 1629 ut
1367 1597 1480 1631 libere
1499 1597 1552 1632 fa-

847 1644 937 1683 tear,
966 1640 1004 1674 in
1031 1651 1073 1674 eo
1101 1640 1203 1674 nimii
1234 1641 1345 1676 fuisse
1374 1642 1551 1687 videntur,

848 1686 944 1729 quod
976 1696 1085 1731 saepe
1117 1697 1221 1720 usum
1251 1687 1298 1721 ad
1337 1688 1553 1723 severiorem

847 1731 1028 1775 quandam
1055 1742 1217 1766 normam
1245 1732 1411 1778 redigere
1443 1737 1552 1778 atque

848 1787 890 1810 ex
916 1776 1108 1811 multorum
1137 1778 1380 1822 exemplorum
1404 1790 1552 1813 consen-

847 1822 945 1856 sione
973 1822 1092 1868 legem
1120 1822 1254 1867 ubique
1282 1824 1461 1858 valentem
1491 1825 1551 1859 de-

848 1868 978 1901 ducere
1017 1868 1220 1902 studebant.
1280 1869 1369 1903 mihi
1412 1870 1552 1904 cautius

119 1915 266 1949 credere
283 1914 402 1957 liceat,
420 1914 526 1958 plane
542 1914 615 1946 iam
632 1917 823 1958 perspecta
846 1913 1027 1965 agendum
1045 1924 1122 1947 esse
1146 1914 1237 1947 duco
1262 1918 1298 1948 et
1319 1915 1441 1948 multis
1463 1916 1551 1950 locis

118 1970 277 2039 &xbris
310 2009 345 2039 et
370 2004 532 2049 ‘caligine
568 2004 627 2037 vix
657 2004 716 2038 hic
747 2004 821 2038 illic

119 2050 311 2095 pausillum
341 2050 498 2084 discissis
528 2050 689 2083 involuta
719 2049 819 2083 latet.

228 1960 389 2004 putanda
420 1959 516 2002 sit10,
552 1962 672 1993 tamen
703 1959 822 1993 adhuc
846 1970 883 1991 m
910 1958 1082 1992 librorum
1115 1959 1292 2003 scriptura
1321 1961 1550 2005 acquiescen-

847 2004 942 2047 dum,
959 2003 1023 2037 ubi
1040 2004 1310 2048 aequabilitatis
1324 2006 1482 2039 studium
1494 2006 1552 2041 vel

847 2049 957 2083 etiam
981 2060 1105 2083 sensus
1127 2050 1275 2094 quidam
1301 2051 1466 2085 subtilior
1487 2063 1551 2085 nu—

118 2106 190 2129 una
206 2094 281 2129 fere
298 2095 366 2139 lex,
391 2105 483 2140 quae
499 2095 547 2129 ad
563 2094 723 2139 rhythmi
740 2105 820 2129 con-
846 2105 1024 2129 merorum
1040 2100 1281 2130 correcturam
1301 2099 1342 2130 ut
1364 2096 1550 2141 faciamus,

118 2140 353 2175 tinuationem
377 2143 517 2186 spectat
537 2144 573 2174 et
596 2144 694 2174 recte
710 2140 783 2174 iam
800 2152 820 2174 a

118 2185 284 2220 Bentleio
301 2186 395 2229 (adn.
413 2186 460 2220 ad
476 2186 589 2219 Andr.
604 2185 641 2219 II
659 2186 691 2229 1,
709 2186 742 2228 7)
759 2186 819 2220 ob-

119 2235 261 2265 servata
290 2235 359 2274 est,
393 2231 593 2265 octonarios
621 2231 821 2266 trochaicos

151 2334 185 2359 10
203 2333 264 2358 Carz
276 2334 403 2366 Conradt,
416 2335 454 2360 D.
463 2336 547 2359 metr.
557 2334 693 2366 Compos.
702 2335 730 2360 d.
740 2334 821 2360 Com.

119 2367 147 2392 d.
160 2368 228 2392 Ter.
248 2367 361 2399 (Berlin
373 2368 460 2399 1876),
481 2369 531 2399 qui
550 2369 586 2393 de
607 2368 822 2400 distinguendis

119 2402 303 2433 potissimum
315 2403 447 2427 stichicis
467 2405 496 2427 et
514 2403 618 2427 mutati
631 2404 747 2434 generis
760 2411 822 2428 ver-

847 2140 984 2174 suadet.

890 2185 933 2219 In
978 2187 1243 2231 orthoyraplzz’cz's
1287 2187 1395 2221 rebus
1437 2187 1550 2221 diver-

848 2230 990 2264 sitatem
1039 2231 1234 2266 formarum
1282 2233 1368 2265 satis
1414 2233 1551 2267 evitare

848 2276 968 2310 studui
989 2277 1046 2310 vcl
1073 2280 1166 2321 tum,
1196 2289 1275 2311 cum
1299 2277 1459 2312 diversas
1481 2278 1551 2312 for-

848 2332 924 2355 mas
936 2321 1132 2366 antiquitus
1145 2322 1298 2356 traditas
1311 2334 1388 2358 esse
1403 2324 1553 2358 concedi

881 2406 911 2428 11
931 2404 1055 2428 Minoris
1071 2404 1223 2435 momenti,
1244 2405 1378 2435 quamuis
1398 2407 1477 2430 recte
1496 2406 1553 2430 sor-

119 2436 199 2460 sibus
229 2436 338 2467 optime
368 2437 489 2461 meritus
525 2439 569 2461 est
599 2436 637 2467 (v.
666 2438 734 2462 Jen.
764 2437 822 2462 Lit.
848 2439 924 2462 tasse
938 2437 1124 2462 observatum
1139 2440 1190 2468 est,
1204 2438 1281 2469 quod
1294 2438 1411 2464 B.Born
1421 2438 1479 2470 (De
1493 2439 1552 2464 div.

119 2470 244 2499 Zeitung
263 2470 326 2495 1877
351 2477 378 2500 p.
398 2470 430 2494 59
450 2469 539 2501 sqq.);
557 2469 630 2495 Fm‘d.
651 2470 758 2497 Schlee.
778 2472 823 2496 De
848 2479 892 2501 ap.
908 2472 974 2496 Ter.
994 2479 1069 2496 vers.
1083 2471 1264 2503 Magdeburg
1275 2473 1341 2498 1868
1354 2480 1380 2504 p.
1394 2472 1422 2503 5)
1442 2474 1553 2504 statuit,

118 2510 195 2527 vers.
224 2504 256 2527 in
287 2506 363 2527 cant.
395 2504 462 2528 Ter.
494 2505 703 2530 consecutione
733 2504 822 2536 (Diss.
849 2505 899 2529 ubi
918 2506 1050 2530 senarius
1075 2506 1291 2531 immisceretur
1309 2507 1418 2532 diversi
1438 2508 1554 2532 numeri

119 2538 217 2567 inaug.
237 2537 370 2561 Berolini
389 2537 476 2568 1879),
502 2538 551 2568 qui
576 2538 691 2569 singula
710 2540 824 2564 cantica
848 2539 990 2567 versibus.
1017 2541 1068 2563 aut
1091 2540 1266 2565 antecedere
1284 2541 1325 2566 ibi
1348 2543 1398 2566 aut
1416 2542 1554 2573 subsequi

119 2571 151 2595 in
175 2571 312 2601 periodos
337 2570 396 2602 (vel
421 2571 551 2602 ordines)
575 2571 771 2597 distribuendi
797 2577 825 2597 01
850 2573 1047 2603 septenarium
1061 2573 1254 2599 trochaicum.

120 2604 236 2635 singula
266 2612 402 2629 versuum
435 2612 544 2636 genera
578 2606 656 2631 inter
689 2614 720 2631 se
756 2614 822 2632 0011-
884 2609 915 2631 12
938 2608 1016 2632 Ante
1030 2608 1143 2638 omnia,
1163 2609 1196 2631 ut
1208 2609 1326 2639 opinor,
1345 2608 1553 2640 clausularum,

119 2638 257 2662 tinuandi
270 2646 353 2663 usum
369 2646 427 2663 non
441 2639 505 2663 sine
518 2639 614 2664 fructu
627 2643 825 2670 perscrutatus
850 2647 925 2672 quae
946 2641 1098 2670 dicuutur,
1125 2644 1230 2667 natura
1253 2644 1339 2673 atque
1362 2649 1431 2666 usus
1457 2643 1554 2674 explo-

122 2674 180 2702 est;
201 2671 415 2701 carlinis-snm,
435 2673 608 2697 D.Ca11tica
627 2674 654 2698 d.
668 2675 735 2699 Ter.
758 2682 785 2698 u.
806 2676 824 2699 i.
852 2674 944 2699 randa
961 2677 990 2698 et
1008 2675 1214 2699 constituenda
1233 2679 1309 2705 sunt,
1330 2677 1499 2707 priusquam
1519 2677 1555 2701 ad

121 2706 296 2737 Eurythmie
311 2705 467 2738 (Nulahrh.
483 2706 827 2739 f.Phil.Suppl.-Bd.XII
851 2709 1019 2733 universam
1033 2709 1215 2734 canticorum
1228 2713 1404 2736 structuram
1416 2711 1556 2743 indagan-

121 2741 172 2765 465
178 2740 277 2772 —5ss).
853 2742 920 2768 dam
933 2742 1149 2775 aggrediamur.
