1726 2984
191 168 246 210 24

98 833 164 868 375
187 820 265 862 PA-

96 1394 164 1429 380

188 1756 265 1797 ΡΑ.

187 1880 265 1921 ΡΑ.

98 2013 165 2048 385
189 2004 266 2044 ΡΑ.

188 2066 265 2107 ΡΑ.

99 2387 166 2422 390

728 178 925 214 ANDRIA
1399 181 1448 224 11,
1463 181 1496 215 2.
1511 181 1533 216 3

303 258 436 312 Quasi
460 274 652 301 necessus
677 261 741 309 sit,
767 259 801 300 si
827 259 923 301 huie
947 274 1029 301 non
1055 260 1138 309 dat,
1163 262 1203 301 te
1228 260 1340 301 illam
1366 274 1468 301 uxo-
1486 273 1520 299 35

750 336 836 362 rem
861 321 1024 372 ducere,

302 383 394 425 Nisi
423 383 562 434 uides,
598 383 679 425 nisi
709 383 817 424 senis
853 384 1007 425 amicos
1044 385 1156 434 oras,
1193 384 1338 426 ambis.
1388 383 1469 426 Cn.

751 446 868 487 Bene
891 460 1054 488 mones.

301 495 390 558 ibo,
422 508 498 550 etsi
523 507 659 550 hercle
690 509 813 562 saepe
837 508 919 549 iam
949 523 1016 550 me
1046 510 1141 564 spes
1172 509 1274 550 haec
1299 508 1468 583 frustra-

750 572 843 611 tast.
882 570 988 612 uale.

523 694 849 736 PAMPvas
935 694 1127 736 DAvos

554 765 809 793 ADvLEsossns
948 765 1095 793 suavos

297 819 412 873 Quid
442 820 570 875 igitur
600 820 678 860 sibi
708 820 795 861 uolt
830 820 971 875 pater?
1012 834 1116 874 quor
1148 820 1336 861 simulat?
1383 819 1535 869 DA.11,3

748 881 842 937 Ego
868 882 1003 922 dicam
1028 882 1114 922 tibi.

301 943 348 986 Si
370 944 414 985 id
438 946 678 986 suscenseat
702 959 825 992 nune,
857 944 955 998 quia
985 959 1068 985 non
1093 944 1163 985 det
1192 943 1266 984 tibi
1296 944 1469 984 uxorem

750 1004 966 1054 Chremes,

298 1068 422 1110 Prius
464 1083 590 1122 quam
626 1075 741 1109 tuom
784 1076 829 1109 ut
873 1083 962 1109 sese
998 1068 1150 1110 habeat
1191 1068 1375 1109 animum
1415 1066 1469 1108 ad

747 1131 912 1185 nuptias
936 1130 1214 1186 perspexerit.

298 1180 421 1248 I'psus
446 1193 524 1234 sibi
544 1208 633 1234 esse
657 1193 831 1234 iniurius
850 1193 1055 1243 uideatur,
1080 1208 1216 1248 neque
1241 1193 1316 1233 id
1307 1192 1466 1233 mifiria.

301 1254 386 1297 Sed
411 1256 444 1296 si
469 1263 526 1297 tu
539 1255 703 1311 negatis
734 1256 898 1305 ducere,
928 1256 987 1297 ibi
1012 1256 1213 1311 eulpam'
1203 1272 1244 1296 ln
1270 1264 1310 1297 te
1335 1257 1467 1296 trans·
1503 1266 1519 1292 5

750 1318 872 1359 feret:

299 1380 408 1421 Tsun
433 1380 527 1421 illae
553 1380 701 1421 turbae
725 1380 839 1421 fient.
883 1380 960 1421 ΡΑ.
993 1380 1174 1433 Quiduis
1200 1381 1346 1435 patiar.
1383 1379 1466 1420 DA.

747 1442 874 1484 Pater
898 1451 972 1493 est,
997 1443 1238 1498 Pamphile:

300 1504 537 1547 Difficilest.
582 1513 670 1545 tum
700 1504 802 1546 haee
833 1506 960 1547 solast
988 1506 1147 1548 mulier.
1191 1506 1347 1546 dietum
1381 1503 1468 1560 [ao]

320 1618 328 1630 1
751 1568 908 1609 factum
932 1568 1136 1610 inuenerit

300 1630 509 1684 Aliquam*
537 1644 725 1679 eausam,
769 1644 894 1683 quam
931 1631 984 1671 ob
1021 1646 1108 1672 rem
1145 1630 1265 1671 eiciat
1302 1629 1468 1685 oppido.

749 1691 827 1733 PA.
865 1692 1025 1733 E'ioiat?
1073 1692 1157 1734 DA.
1197 1691 1306 1734 Cito.

299 1753 415 1796 Cedo
434 1754 572 1809 igitur,
592 1754 694 1807 quid
712 1754 877 1804 faciam,
892 1755 1041 1796 Daue?
1066 1754 1148 1796 DA.
1169 1755 1304 1796 Dicte
1323 1754 1470 1795 ductu-

748 1831 852 1857 rum.
878 1817 957 1858 ΡΑ.
984 1818 1109 1858 Hem.
1135 1817 1218 1858 DA.
1246 1816 1360 1869 Quid
1386 1817 1470 1858 est?

297 1880 421 1935 Egon
455 1879 613 1920 dicam?
665 1877 747 1920 DA.
793 1877 912 1931 Quor
946 1880 1055 1920 non?
1108 1879 1186 1920 PA.
1230 1879 1469 1933 Numquam
1489 1892 1520 1915 10

750 1940 914 1981 faciam.
952 1940 1035 1981 DA.
1062 1942 1126 1982 Ne
1151 1956 1271 1996 nega.

300 2002 487 2044 Suadere
511 2002 606 2044 noli.
653 2001 737 2042 DA.
774 2001 841 2043 Ex
867 2005 916 2043 ea
939 2018 983 2045 re
1008 2003 1109 2056 quid
1134 2003 1218 2052 fiat,
1246 2002 1355 2044 uide.

298 2066 356 2108 Vt
392 2065 445 2106 ab
480 2065 551 2106 illa
588 2065 803 2113 excludar,
842 2064 921 2106 hoe
957 2065 1192 2106 concludar.
1247 2064 1330 2106 DA.
1374 2065 1469 2106 Non

750 2126 856 2167 itast.

302 2190 463 2244 Nempe
489 2189 567 2230 hoc
592 2189 650 2230 sio
676 2203 766 2230 esse
792 2191 955 2243 opinor:
988 2190 1194 2231 dicturum
1220 2196 1379 2244 patrem

302 2252 465 2292 ‘Dueas
490 2251 587 2292 uolo
611 2251 734 2292 hodie
758 2252 970 2301 uxorem’3
1003 2259 1047 2292 tu
1073 2252 1261 2293 ‘ducam'
1286 2252 1467 2305 inquies:

303 2314 419 2356 Cedo
445 2314 545 2368 quid
570 2314 751 2369 iurgabit
775 2315 912 2354 tecum
938 2314 1029 2355 hie?
1060 2314 1208 2356 reddes
1234 2314 1384 2363 omnia,
1490 2326 1521 2352 15

303 2376 424 2429 Quae
471 2377 581 2417 nuno
624 2383 718 2416 sunt
761 2383 872 2417 certa
914 2376 949 2417 ei
992 2376 1182 2425 consilia,
1226 2377 1383 2417 ineerta
1424 2377 1469 2418 ut

755 2438 873 2487 sient,

303 2500 404 2543 Sine
430 2502 542 2541 omni
566 2500 732 2555 periclo.
758 2515 856 2541 nam
881 2499 960 2541 hoe
984 2500 1097 2541 haud
1117 2500 1343 2550 dubiumst,
1369 2502 1469 2555 quin

750 2560 953 2603 Chremes

301 2625 396 2665 Tibi
421 2625 503 2665 non
535 2625 604 2666 det
635 2631 824 2679 gnatam3
854 2626 931 2665 neo
962 2631 1005 2665 tu
1037 2639 1085 2665 ea
1116 2639 1241 2666 eausa
1273 2625 1467 2666 minueris

301 2688 419 2729 Haeo
445 2689 550 2743 quae
576 2687 690 2736 sacis,
716 2701 767 2729 ne
792 2687 826 2729 is
851 2687 981 2729 mutet
1007 2702 1126 2728 suam
1151 2687 1409 2730 sententiam.
