1700 2984
275 165 355 208 160
799 172 1028 209 PHORMIO
1528 174 1576 220 11,
1594 176 1613 210 1

383 255 586 297 Monitorl
625 253 704 297 Ga.
726 255 807 297 Vix
826 255 1007 295 tandem.
1050 254 1131 296 DE.
1159 254 1274 307 Quid
1291 255 1393 296 mihi
1411 255 1549 297 dicent

834 317 905 357 aut
930 330 1055 370 quam
1081 331 1250 358 causam
1275 317 1504 372 reperient?

179 383 246 419 235
382 380 588 422 Demiror.
623 378 702 422 Gn.
722 378 856 433 Atqui
869 378 1090 433 reperiam:
1112 379 1224 421 aliud
1238 380 1349 421 cura.
1374 379 1456 421 Dn.
1479 381 1549 420 An
1567 390 1583 417 5

829 440 908 481 hoc
933 441 1041 481 dicet
1065 441 1185 482 mihi:

382 506 563 546 ‘Inuitus
599 504 692 546 feci.
752 504 818 544 lex
857 503 1037 557 co'e'git’?
1077 504 1221 553 audio,
1265 504 1409 545 fateor.
1470 502 1548 545 Gn.

827 565 990 606 Places.

270 629 349 671 Da.
377 630 535 672 Verum
566 628 776 677 scientem,
807 627 978 668 tacitum
1009 642 1177 669 causam
1209 628 1369 669 tradere
1401 627 1549 669 aduor-

830 689 961 739 sariis,

382 752 575 793 Etiamne
594 752 638 793 id
657 752 723 793 lex
745 748 904 806 co'e'git?
934 751 1012 791 ΡΗ.
1031 750 1142 791 Illud
1162 750 1324 792 durum.
1354 750 1433 793 Gn.
1455 750 1548 807 Ego

829 812 1067 867 expediam:
1095 811 1195 853 sine.

270 877 351 918 DE.
380 878 630 918 Incertumst
662 876 763 929 quid
794 890 930 929 agam,
963 877 1060 929 quia
1090 882 1252 929 praeter
1283 890 1400 930 spem
1425 883 1548 929 atque

828 936 1071 978 incredibile
1096 936 1174 977 hoc
1201 936 1256 976 mi
1281 937 1445 992 obtigit:

178 1006 246 1041 240
382 1002 447 1043 Ita
476 1017 569 1042 sum
597 1001 801 1049 inritatus,
832 1001 1017 1041 animum
1047 1008 1093 1040 ut
1122 1013 1327 1053 nequeam
1359 1000 1412 1041 ad
1437 1000 1548 1056 eogi-
1568 1012 1600 1036 10

830 1063 1003 1103 tandum
1027 1062 1252 1103 instituere.

383 1126 522 1178 Quam
558 1127 611 1168 ob
647 1142 735 1167 rem
769 1125 914 1173 omnis,
951 1139 1079 1178 quom
1115 1124 1321 1166 secundae
1357 1140 1421 1166 res
1454 1132 1550 1165 sunt

832 1189 1040 1235 maxume,
1066 1195 1155 1227 tum
1180 1189 1374 1228 maxume

382 1252 579 1293 Meditari
628 1266 767 1292 secum
810 1251 991 1305 oportet,
1039 1263 1121 1303 quo
1164 1258 1286 1304 pacto
1329 1250 1549 1291 aduorsam

831 1314 1070 1354 aerumnam
1096 1312 1249 1353 ferant:

384 1376 583 1432 [pm-iola,
622 1376 786 1425 damna,
824 1375 947 1416 exilia
981 1389 1153 1429 peregre
1190 1375 1353 1416 rediens
1388 1391 1548 1430 semper

830 1435 1001 1492 cogitet]

382 1502 469 1542 Aut
494 1500 555 1540 fili
579 1508 796 1555 peccatum
816 1500 887 1539 aut
906 1498 1045 1539 uxoris
1065 1500 1240 1539 mortem
1266 1506 1337 1539 aut
1356 1498 1547 1539 morbum

831 1562 962 1611 filiae3

178 1631 245 1665 245
383 1626 634 1668 Communia
674 1641 763 1667 esse
808 1625 929 1674 haec,
971 1624 1063 1665 fieri
1099 1639 1238 1679 posse,
1282 1632 1325 1665 ut
1361 1626 1412 1665 ne
1448 1625 1547 1679 quid
1567 1638 1599 1664 15

831 1687 968 1728 animo
995 1688 1045 1727 sit
1071 1701 1243 1736 nouo1n3

382 1751 598 1805 Quidquid
623 1757 786 1805 praeter
806 1765 922 1804 spem
942 1749 1118 1796 eueniat,
1145 1764 1265 1790 omne
1285 1749 1326 1790 id
1347 1749 1547 1804 deputare

832 1827 922 1852 esse
946 1812 988 1851 in
1013 1812 1140 1851 lucro.

271 1874 348 1917 GE.
382 1874 422 1915 O
453 1874 680 1923 Phaedria,
718 1871 1038 1928 incredibile[st]
1073 1881 1274 1925 quantum
1306 1888 1421 1914 erum
1451 1875 1546 1915 ante

829 1950 877 1976 eo
903 1935 1118 1990 sapientia.

381 1999 587 2040 Meditata
612 1999 712 2039 mihi
737 2006 831 2039 sunt
859 1998 996 2038 omnia
1027 2013 1120 2038 mea
1150 1997 1422 2048 incommoda,
1453 2014 1545 2039 erus

831 2060 864 2101 si
888 2060 1074 2101 redierit:

380 2124 667 2166 Molendumst
697 2123 738 2163 in
769 2123 961 2178 pistrino,
994 2122 1298 2177 uapulandum,
1331 2122 1546 2165 habendae

831 2185 1064 2239 compedes,

178 2255 246 2290 250
383 2248 504 2304 Opus
535 2249 619 2289 rt'lri
650 2248 905 2289 faciundum.
954 2248 1100 2288 hdrum
1136 2247 1192 2288 nil
1224 2247 1446 2301 quicquam
1479 2250 1546 2289 ac·
1565 2260 1598 2285 20

831 2310 937 2350 cidet
963 2310 1100 2350 animo
1123 2324 1288 2350 nouom.

382 2373 598 2426 Quidquid
616 2380 778 2428 praeter
800 2387 915 2427 spem
936 2372 1114 2420 eueniet,
1135 2387 1255 2413 omne
1276 2372 1317 2413 id
1337 2372 1546 2427 deputabo

830 2449 919 2475 esse
942 2436 984 2475 in
1008 2435 1135 2475 lucro.

383 2498 468 2541 Sed
493 2499 593 2552 quid
618 2513 754 2539 cessas
779 2496 986 2538 hominem
1012 2497 1124 2538 adire
1144 2505 1183 2538 et
1203 2496 1354 2538 blande
1375 2496 1415 2537 in
1435 2496 1546 2552 prin-

832 2560 937 2614 cipio
961 2560 1156 2612 adloqui?

271 2624 350 2665 DE.
382 2623 633 2664 Phaedriam
660 2623 740 2663 mei
765 2622 901 2662 fratris
923 2622 1044 2663 uideo
1062 2622 1194 2662 filium
1213 2622 1267 2662 mi
1287 2622 1543 2682 iretdbuiam.

269 2688 345 2728 PH.
377 2687 441 2726 Mi
463 2688 622 2740 patrue,
644 2686 770 2726 salue.
819 2684 900 2724 DE.
940 2684 1086 2733 Seilue3
1112 2684 1185 2725 sed
1205 2684 1314 2724 ubist
1335 2684 1546 2738 Antipho?
