1700 2984
280 184 359 230 176

277 401 353 444 Ga.

185 469 251 503 6⁶20

182 842 248 877 625

272 965 352 1005 ΑΝ.

182 1285 248 1319 630

181 1660 248 1694 635

272 1716 351 1756 AN.

182 2035 249 2070 640
274 2026 353 2069 Cn.

276 2214 354 2256 Gn.

276 2276 355 2319 GE.

185 2538 251 2573 645
277 2528 357 2570 GE.

781 196 1010 233 PHORMlo
1518 199 1584 243 1v,
1600 198 1623 233 3

384 277 494 318 Mihi
528 277 739 318 Phcsrmio.
790 275 867 318 Cn.
905 276 991 329 Qui
1021 277 1241 319 Pher-mio?
1291 277 1368 320 De.
1406 278 1449 321 Is
1483 279 1555 333 qui

837 339 984 380 istene.
1022 339 1100 382 Cn.
1140 339 1251 382 Scio.

388 402 578 445 Visumst
602 401 672 450 mi,
698 408 744 442 ut
769 401 856 442 eius
881 402 1128 456 temptarem
1153 404 1413 444 sententiam.

386 464 554 506 Prendo
601 464 811 505 heminem
858 464 1009 505 solum:
1058 466 1179 519 ‘quor
1219 465 1320 507 non'
1367 466 1553 520 inquam,
1574 477 1606 503 15

835 524 1064 577 ‘Phormio,

385 589 530 638 Vides,
555 588 662 630 inter
685 602 761 629 nos
786 589 844 630 sie
868 587 971 630 haee
995 589 1133 644 potius
1159 591 1254 631 cl'lm
1280 590 1390 632 bona

385 653 444 694 Vt
469 652 765 705 componamus
791 651 926 706 gretia
951 666 1077 705 quam
1103 653 1195 693 ot'nn
1222 654 1357 695 mala?

386 713 496 754 Erus
522 714 703 755 liberalis
728 714 790 754 est
815 721 856 754 et
880 713 1064 768 fugitans
1089 715 1241 765 litium3

384 777 494 818 Nam
519 777 644 818 ceteri
669 775 838 830 quidem
863 775 1001 818 hercle
1026 778 1147 818 amici
1173 779 1315 818 omnes
1341 778 1464 819 modo

386 838 482 881 Vno
524 839 593 880 ere
636 846 824 879 auctores
868 838 1003 889 fuere,
1051 848 1097 880 ut
1139 839 1408 895 praeeipitem
1450 840 1556 880 hanc
1574 851 1607 876 20

839 900 982 943 daret.’

385 963 500 1015 Quid
524 963 591 1004 hic
617 965 782 1019 coeptat
807 971 878 1004 aut
903 978 985 1017 quo
1011 964 1161 1006 enedet
1181 964 1329 1006 hodie?
1367 962 1446 1007 GE.
1469 965 1555 1005 ‘An

836 1025 999 1080 legibus

385 1088 598 1129 Datin-um
623 1102 780 1143 poenas
805 1087 930 1136 dices,
957 1088 991 1128 si
1016 1088 1129 1129 illam
1155 1087 1343 1129 eiecerit?

384 1151 475 1192 Iam
501 1151 543 1191 id
567 1150 886 1205 exploratumst:
914 1151 1020 1200 heia,
1047 1150 1218 1192 sudabis
1244 1151 1357 1200 satis,

386 1213 432 1255 Si
458 1228 552 1254 eum
576 1213 646 1254 illo
670 1213 856 1267 inceptas
882 1212 1065 1254 homine:
1093 1228 1142 1254 ea
1167 1213 1453 1267 eloquentiast.

385 1277 543 1319 Verum
568 1290 677 1330 pono
703 1290 793 1317 esse
818 1276 976 1316 uictum
1002 1290 1096 1316 eum
1105 1292 1116 1325 3
1150 1283 1190 1316 at
1214 1275 1382 1317 tandem
1405 1283 1544 1316 tamen
1573 1284 1607 1310 25

383 1340 478 1380 Non
503 1338 649 1393 cepitis
676 1338 712 1379 ei
738 1353 802 1378 res
827 1338 978 1392 egitur,
1004 1339 1078 1379 sed
1102 1338 1329 1393 pecuniae?

382 1402 613 1455 Postquam
638 1401 845 1441 hominem
870 1400 933 1441 his
959 1401 1100 1442 uerbis
1126 1401 1258 1442 sentio
1282 1400 1490 1449 mollirier,

385 1464 495 1506 ‘Soli
531 1479 674 1505 sumus
711 1478 821 1504 nune
856 1463 940 1505 hic’
977 1465 1167 1518 inquam:
1206 1463 1322 1512 ‘eho‚
1353 1463 1419 1505 dio
1455 1462 1555 1516 quid

836 1527 899 1567 uis
925 1526 1014 1567 dari

384 1589 482 1630 Tibi
505 1591 548 1630 in
573 1603 759 1637 manum,
785 1596 830 1628 ut
856 1603 951 1630 erus
977 1588 1039 1630 his
1065 1589 1236 1631 desistat
1259 1589 1413 1638 litibus,

386 1654 505 1693 Haeo
530 1652 626 1693 hine
650 1652 844 1699 facessat,
871 1652 917 1691 tu
941 1652 1138 1693 molestus
1163 1653 1215 1693 ne
1240 1651 1363 1693 sies?
1573 1662 1607 1687 30

385 1715 503 1757 Satin
527 1714 586 1755 illi
613 1714 654 1754 di
679 1721 776 1754 sunt
802 1714 991 1768 prepitii‘?
1051 1713 1129 1756 GE.
1169 1715 1294 1756 ‘Nam
1320 1715 1383 1756 set
1407 1713 1506 1763 seio,

385 1777 432 1819 Si
457 1786 502 1818 tu
527 1777 712 1830 aliquam
738 1784 899 1831 partem
924 1778 1047 1830 aequi
1071 1777 1253 1830 bonique
1278 1776 1444 1826 dixeris,

384 1840 443 1882 Vt
469 1848 529 1881 est
552 1840 621 1880 ille
648 1839 780 1879 bonus
806 1839 882 1888 uir,
908 1841 986 1880 tria
1009 1853 1092 1880 non
1118 1839 1425 1880 commutabitis

385 1902 528 1945 Verba
551 1901 672 1942 hddie
697 1901 803 1942 inter
827 1901 930 1942 uos?
981 1901 1061 1942 DE.
1090 1900 1194 1953 Quis
1221 1911 1260 1943 te
1285 1902 1412 1943 istaec
1437 1901 1554 1942 iussit

835 1964 972 2017 loqui?

390 2027 523 2068 Imme
548 2041 632 2068 non
657 2026 791 2081 potuit
816 2026 962 2067 melius
988 2027 1242 2085 peruenirier
1573 2037 1606 2062 35

387 2090 451 2131 Eo
488 2091 570 2144 quo
600 2104 674 2129 nos
707 2089 914 2130 uolumus.
963 2089 1043 2129 AN.
1083 2088 1250 2130 Occidi!
1299 2088 1380 2129 Da.
1417 2088 1554 2143 Perge

835 2151 986 2204 eloqui.

388 2216 429 2255 A
448 2216 581 2270 primo
601 2213 724 2254 homo
746 2213 964 2255 insanibat.
998 2212 1075 2254 CH.
1098 2212 1214 2254 Cedo
1234 2212 1333 2266 quid
1353 2212 1556 2267 pestulat?

389 2277 528 2329 Quid?
552 2276 725 2317 nimium
745 2284 959 2330 quantum.
982 2274 1081 2328 ,Cir
1113 2274 1338 2327 Qudntum?
1362 2276 1440 2316 die.
1485 2274 1564 2317 Gn.

839 2338 886 2381 Si
911 2340 1003 2393 quis
1029 2339 1145 2379 daret

388 2403 613 2444 Talentum
633 2417 845 2457 magnum.
894 2401 974 2442 DE.
1002 2402 1134 2442 Innne
1154 2401 1309 2441 malum
1329 2400 1483 2442 hercle:
1510 2408 1554 2441 ut

838 2465 895 2505 nil
920 2463 1066 2519 pudet!

391 2527 518 2580 Quod
543 2527 628 2568 dixi
654 2527 756 2568 adeo
783 2533 838 2568 e'1':
867 2528 1055 2580 ‘quaeso‚
1081 2526 1182 2580 quid
1207 2525 1241 2567 si
1267 2525 1397 2566 filiam
1572 2537 1606 2561 40

389 2591 521 2633 Suam
546 2590 711 2630 t'lnieam
737 2590 916 2630 locaret?
940 2589 1059 2643 parui
1084 2590 1127 2629 re
1154 2588 1248 2629 tulit

388 2655 479 2694 Non
507 2652 755 2707 suscepisse:
783 2653 992 2692 inuentast
1016 2665 1123 2704 quae
1150 2651 1287 2691 dotem
1313 2649 1454 2704 petat.'

389 2718 445 2759 Vt
471 2715 523 2756 ad
549 2715 681 2770 pauca
708 2714 873 2755 redeam
901 2728 948 2755 ao
973 2715 1132 2754 mittam
1157 2713 1266 2754 illius
1292 2712 1480 2766 ineptias,
