1700 2984
178 158 260 200 266

87 377 153 411 670
178 372 254 414 Μ1.

81 1193 147 1227 680

81 1744 148 1778 685

81 2243 148 2277 690

172 1307 252 1347 ΑΕ.

682 166 958 202 ADELPHOE
1422 168 1486 213 IV,
1503 169 1525 203 5

291 248 431 300 Quom
461 249 569 290 hanc
598 248 676 289 sibi
707 248 864 289 uidebit
888 249 1084 304 praesens
1108 249 1316 304 praesenti
1340 249 1456 304 eripi,

288 311 458 352 Abduci
484 311 536 352 ab
561 310 717 352 oculis?
742 310 904 351 fdcinus
928 311 1160 366 indignum,
1185 311 1320 366 pater!
1475 323 1508 349 35

288 373 385 425 Qua
410 373 569 414 mitione
593 373 723 414 istuc?
749 374 840 426 quis
867 372 1111 428 despondit?
1135 375 1227 427 quis
1253 373 1392 414 dedit?

289 435 401 486 Quoi
426 435 593 488 quando
617 435 783 490 nupsit?
808 435 1038 496 adetorthis
1063 435 1187 476 rebl'ls
1211 435 1303 489 quis
1329 436 1415 476 est?

292 497 410 547 Quor
435 496 553 537 duxit
579 497 781 538 alienam?
829 497 909 538 An.
941 498 1013 537 An
1038 497 1181 538 sedere
1206 497 1387 552 opdrtuit

289 559 417 599 Domi
460 559 666 613 uirginem
709 566 795 599 tam
843 559 1064 614 grandem,
1113 559 1213 600 dum
1255 561 1458 614 cogn-‘attus

737 621 818 662 huc

287 684 407 725 Illinc
432 683 606 734 ueniret,
633 684 949 739 expectantem?
974 683 1090 732 haec,
1116 685 1173 724 mi
1197 691 1328 739 pater,
1476 695 1510 721 40

286 746 347 786 Te
374 746 510 787 dicere
537 760 713 800 aequom
739 746 816 786 fuit
841 755 883 786 et
906 745 949 786 id
974 746 1209 787 defendere.

242 841 250 849 .
283 808 541 849 Ridiculum:
570 809 850 849 aduorsumne
875 808 991 849 illum
1018 823 1187 849 causam
1213 808 1406 857 dicerem,

287 870 399 923 Quoi
420 872 615 912 ueneram
638 871 892 911 aduocz'ttus‘?
913 870 987 911 sed
1001 870 1102 924 quid
1121 871 1213 920 ista,
1233 870 1458 917 Aeschine,

286 933 463 973 Nostra?
489 934 559 973 al'lt
584 932 684 986 quid
709 932 829 973 nobis
855 947 949 973 cum
974 932 1077 973 illis?
1104 933 1313 974 abeamus.
1357 932 1458 986 quid

738 996 825 1035 est?

285 1057 400 1109 Quid
437 1057 668 1099 lacrumas?
728 1058 807 1098 ΑΕ.
850 1057 998 1106 Pater,
1035 1058 1221 1107 6bsecro,
1259 1057 1456 1098 ausculta.
1476 1068 1510 1093 45

736 1119 811 1161 M1.
846 1119 1070 1168 Aeschine,
1097 1119 1239 1160 audiui
1264 1119 1402 1161 (imnia

285 1171 340 1223 Et
366 1182 467 1231 sei03
493 1198 590 1223 nam
616 1183 654 1223 16
681 1197 792 1223 amo:
819 1196 902 1235 quo
927 1182 1060 1237 magis
1086 1183 1193 1236 quae
1219 1183 1308 1237 agis
1334 1197 1457 1223 curae

293 1293 302 1306 7
736 1245 831 1284 sunt
854 1243 968 1284 mihi.

284 1307 349 1347 Ita
379 1307 505 1347 uelim
531 1322 596 1348 me
622 1307 925 1362 p1·6merentem
952 1307 1079 1356 ames,
1112 1306 1212 1347 dum
1238 1306 1369 1356 uiuas,
1401 1308 1458 1347 mi

305 1418 313 1430 Ι
735 1378 865 1423 pater,

284 1431 343 1473 Vt
379 1446 445 1473 me
484 1431 562 1473 hoe
601 1431 797 1472 delictum
834 1430 1051 1472 admisisse
1083 1431 1126 1472 in
1162 1446 1242 1479 me,
1278 1431 1320 1472 id
1357 1431 1456 1472 mihi

736 1493 1005 1534 uehementer
1030 1493 1141 1534 dolet

283 1546 340 1598 Et
374 1572 441 1598 me
477 1556 537 1598 tui
575 1556 715 1611 pudet.
776 1557 852 1597 M1.
893 1554 1031 1597 Credo
1070 1556 1226 1605 hercle3
1263 1571 1360 1597 nam
1395 1558 1457 1598 in-

735 1619 903 1674 genium
929 1619 1028 1659 noui
1053 1626 1169 1659 tuom

285 1682 500 1743 Liberale3
528 1682 601 1723 sed
626 1697 773 1723 uereor
797 1697 849 1722 ne
875 1681 1096 1736 indiligens
1122 1681 1296 1722 nimium
1321 1681 1414 1722 sies.
1474 1693 1508 1719 50

285 1744 335 1785 In
362 1759 444 1798 qua
470 1744 638 1785 ciuitfite
665 1744 831 1784 tandem
858 1752 898 1784 te
923 1743 1124 1784 &rbitrare
1149 1744 1316 1784 uiuere?

284 1807 503 1862 Virginem
525 1806 694 1855 1111111511,
721 1821 847 1860 quam
867 1814 906 1847 te
926 1807 1009 1847 min
1030 1806 1093 1846 ius
1113 1805 1249 1847 fuerat
1270 1808 1454 1861 tzingere.

284 1869 374 1910 Iam
403 1869 446 1910 id
476 1877 692 1924 peceatum
726 1870 903 1924 primum
934 1883 1149 1923 magnum,
1181 1870 1383 1923 mcigmwn,
1416 1877 1457 1910 at

735 1931 964 1971 humam'un
990 1938 1146 1972 tamen:

283 1994 439 2036 Fecere
483 1993 553 2035 alii
596 1994 720 2048 sae'pe
763 1993 863 2034 item
906 1993 1015 2034 boni.
1076 2001 1118 2034 at
1160 1993 1377 2048 pdstquam
1415 1993 1456 2035 id

736 2057 889 2104 euenit,
915 2055 1037 2096 cedo:

284 2118 395 2159 Num
421 2118 522 2172 quid
548 2118 865 2173 circumspexti?
896 2125 968 2158 ant
997 2131 1097 2158 num
1123 2117 1224 2171 quid
1250 2117 1336 2159 tute
1362 2132 1455 2173 pro-
1475 2130 1507 2155 55

736 2181 869 2234 spexti
894 2179 982 2228 tibi,

285 2242 398 2294 Quid
435 2243 574 2284 fieret?
611 2257 694 2296 qua
729 2242 873 2283 fieret?
909 2241 941 2282 si
974 2249 1017 2293 16
1054 2241 1110 2282 mi
1141 2242 1278 2296 ipsum
1308 2241 1456 2297 puduit

734 2304 938 2359 prdloqui,

285 2366 382 2419 Qud
400 2368 691 2410 resciscerem?
717 2367 819 2408 haec
840 2367 939 2407 dum
961 2366 1139 2416 dubitas,
1161 2367 1323 2408 menses
1344 2366 1454 2410 abie-

735 2431 828 2470 runt
856 2429 1013 2471 decem.

283 2493 507 2534 Pr6didisti
534 2500 573 2534 et
599 2500 637 2534 te
664 2494 703 2534 61
722 2493 835 2534 illam
857 2492 1050 2533 miseram
1071 2500 1111 2534 et
1130 2493 1317 2547 gnzitum,
1342 2493 1453 2547 quod

735 2555 903 2609 quidem
929 2555 970 2596 in
997 2556 1035 2596 te
1061 2555 1151 2595 fuit.

284 2617 421 2669 Quid?
459 2618 657 2659 credebas
695 2617 911 2658 ddrmienti
949 2618 1051 2659 haee
1089 2617 1162 2658 tibi
1195 2617 1454 2658 confectio-ds

732 2680 856 2720 deos?
