1700 2984
278 163 360 205 272
779 173 1054 210 ADELPHOE
1544 174 1587 219 V,
1604 174 1627 209 3

390 254 442 295 Id
467 255 517 296 de
542 256 657 297 lucro
681 257 826 310 puteto
852 271 942 298 esse
966 270 1102 298 omne.
1149 255 1253 297 haec
1278 257 1313 297 si
1338 256 1451 297 uoles

390 317 441 359 In
466 318 606 359 &inimo
630 332 729 359 uere
754 318 950 373 cogitare,
976 318 1154 368 Demea,

394 379 446 420 Et
472 381 528 421 mi
554 381 595 421 et
619 380 693 421 tibi
719 388 760 422 et
784 380 864 421 illis
890 381 1118 436 dempseris
1143 380 1388 422 molestiam.
1697 380 1700 483 Ι

186 445 254 480 820
278 440 358 482 Dn.
389 442 513 483 Mitt6
526 457 632 483 rem:
648 443 992 484 consuetudinem
1005 443 1223 484 amborum
1238 474 1247 483 .
1263 475 1272 483 .
1310 442 1388 483 M1.
1408 441 1556 483 Mane:

391 503 508 546 Seio:
534 506 641 545 istuc
666 504 791 546 ibam.
840 504 971 546 multa
994 505 1037 546 in
1064 505 1243 554 homine,
1268 505 1445 553 Demea,
1577 514 1610 540 35
1698 487 1700 548 l

391 566 524 622 Signa
546 568 702 616 insunt,
729 582 780 608 ex
805 567 958 620 quibus
983 567 1219 609 coniectura
1242 567 1363 608 faicile
1388 567 1446 616 fit,
1698 549 1700 607 l

390 629 489 670 Duo
515 631 639 683 quom
665 629 776 670 idem
800 629 974 677 faciunt,
1001 631 1125 685 saepe
1149 637 1196 671 ut
1219 629 1353 684 possis
1378 629 1514 670 dicere
1698 645 1700 666 ι

390 692 506 733 ‘Hoc
530 692 627 733 licet
652 692 808 746 inpune
833 691 970 733 facere
995 692 1104 741 huic,
1130 692 1189 733 illi
1211 693 1294 733 non
1318 691 1446 741 licet’‚

187 764 255 798 825
390 754 484 795 Non
508 755 591 808 quo
617 754 826 795 dissimilis
852 755 916 794 res
942 754 1007 803 sit,
1033 754 1107 795 sed
1131 768 1214 808 quo
1238 755 1273 795 is
1297 755 1368 807 qui
1391 753 1503 794 facit.

390 816 511 867 Quae
537 831 616 871 ego
641 817 776 858 inesse
801 816 843 856 in
868 816 948 857 illis
975 817 1109 866 uideo,
1141 823 1186 857 ut
1211 816 1418 857 confidam
1443 816 1530 856 fore
1578 826 1610 851 40

388 879 454 920 Ita
478 887 523 920 ut
547 878 754 920 uolumus.
803 878 926 920 uideo
952 893 1023 920 eos
1048 881 1208 934 sa'tpere,
1238 879 1491 934 intellegere,
1516 880 1558 918 in

840 941 932 982 loco

387 1003 548 1053 Vereri,
573 1003 680 1044 inter
705 1018 749 1044 se
775 1004 932 1044 amare:
959 1003 1070 1044 seiris
1096 1003 1272 1044 liberum

388 1065 612 1120 Ingenium
638 1073 762 1119 atque
787 1065 990 1106 animum:
1016 1066 1097 1119 quo
1122 1066 1186 1106 uis
1212 1066 1302 1106 illos
1327 1065 1373 1106 tu
1397 1064 1462 1106 die

184 1138 253 1174 830
390 1128 627 1170 Redducas.
677 1136 719 1169 at
744 1128 854 1169 enim
885 1129 1060 1177 metuas,
1085 1143 1137 1169 ne
1164 1127 1216 1168 ab
1241 1142 1285 1169 re
1310 1128 1391 1169 sint
1415 1137 1553 1169 tamen

389 1189 642 1232 Omissiores
668 1191 805 1245 paulo.
855 1204 878 1231 o
904 1198 1043 1231 noster
1067 1190 1244 1239 Demea,
1577 1199 1610 1225 45

387 1253 460 1294 Ad
485 1253 623 1294 omnia
649 1254 729 1294 alia
754 1254 888 1294 aetate
914 1253 1098 1308 sapimus
1123 1253 1294 1302 rectius3

392 1315 541 1359 Solum
564 1317 695 1357 unum
722 1315 800 1357 hoc
829 1315 978 1356 uitium
1011 1315 1144 1356 adfert
1169 1322 1360 1357 senectus
1386 1313 1560 1355 h6mini-

843 1378 940 1419 bus:

388 1441 658 1483 Adtentiores
685 1441 827 1480 sumus
853 1440 904 1480 ad
931 1454 1018 1481 rem
1044 1454 1203 1488 omnes,
1228 1440 1354 1493 quam
1379 1446 1442 1480 sat
1466 1446 1546 1481 est:

184 1514 252 1549 835
389 1503 516 1556 Quod
558 1503 648 1544 illos
692 1511 755 1544 sat
797 1511 910 1544 aetas
947 1503 1081 1543 zicuet.
1152 1501 1234 1543 Dm.
1282 1503 1344 1543 Ne
1385 1502 1559 1543 nimium

840 1565 963 1606 modo

389 1630 534 1671 Bonae'
558 1637 655 1670 tuae
680 1628 784 1670 istae
809 1629 882 1669 nos
907 1628 1101 1677 rationes,
1126 1627 1270 1678 Micio,
1578 1639 1610 1665 50

388 1692 445 1734 Et
469 1693 563 1733 tuos
587 1692 664 1733 iste
690 1690 853 1732 animus
878 1692 1034 1744 aequos
1059 1690 1288 1732 subuorta‘tt.
1325 1689 1400 1731 M1.
1425 1690 1558 1732 Tace:

387 1756 483 1797 Non
508 1755 594 1796 fiet.
643 1754 759 1795 mitte
783 1754 867 1795 iam
890 1755 1038 1803 istaec3
1064 1753 1118 1794 da
1142 1761 1183 1794 te
1207 1752 1329 1794 hodie'
1353 1752 1473 1794 mihi:

388 1818 586 1873 Exporge
611 1818 802 1858 frontem.
863 1816 943 1858 DE.
977 1815 1144 1858 Scilicet
1168 1816 1224 1857 ita
1249 1818 1412 1871 tempus
1438 1816 1538 1858 fert:

184 1889 252 1924 840
390 1880 707 1922 Faciundumst.
756 1887 940 1921 ceterum
966 1880 1044 1934 ego
1069 1894 1139 1919 rus
1165 1893 1254 1920 cras
1280 1894 1374 1920 curn
1398 1878 1485 1920 filio

389 1942 500 1985 Cum
524 1944 658 1998 primo
683 1942 765 1984 luci
790 1942 859 1983 ibo
885 1941 993 1984 hinc.
1041 1941 1119 1982 M1.
1151 1941 1218 1982 De
1243 1949 1364 1982 nocte
1390 1942 1557 1983 censeo:
1577 1953 1611 1979 55

388 2006 527 2047 Hodie
553 2005 677 2046 modo
703 2004 880 2045 hilarum
905 2004 972 2045 fzic
998 2012 1048 2045 te.
1110 2003 1191 2044 DE.
1223 2003 1278 2044 Et
1304 2003 1424 2044 istam
1449 2004 1559 2059 psal-

841 2076 963 2108 trlam

389 2131 486 2174 Vna
514 2130 614 2171 illuc
645 2143 811 2171 mecum
842 2128 938 2169 hinc
968 2127 1220 2169 abstraham.
1279 2127 1356 2168 M1.
1387 2127 1559 2183 Pugnzi-

839 2191 970 2233 ueris:

388 2255 452 2296 Eo
477 2256 600 2310 pacto
624 2268 817 2309 prorsum
842 2253 901 2295 illi
927 2252 1125 2308 zidligaris
1151 2252 1297 2294 filium.

184 2322 251 2357 845
387 2318 520 2359 Modo
556 2317 681 2358 facito
718 2324 763 2357 ut
803 2316 916 2358 illam
959 2317 1115 2357 se'rues.
1186 2315 1268 2356 DE.
1316 2315 1412 2370 Ego
1452 2315 1560 2357 istuc

838 2379 995 2420 uidero.

388 2447 533 2496 Atque
557 2442 616 2483 ibi
639 2441 808 2483 fauillae
833 2442 969 2496 plena,
994 2440 1099 2481 fumi
1125 2454 1173 2481 ac
1197 2439 1362 2495 pollinis
1577 2452 1610 2476 σο

389 2503 622 2558 Coquendo
648 2504 700 2545 sit
724 2504 822 2544 faxo
847 2505 888 2544 et
912 2503 1105 2545 molendo
1114 2519 1124 2552 3
1150 2504 1313 2558 praeter
1337 2502 1439 2544 hacc

387 2567 566 2608 Meridie
592 2567 682 2621 ipso
708 2566 858 2607 fziciam
884 2575 929 2607 ut
955 2566 1151 2621 stipulam
1176 2565 1359 2620 colligat:

386 2630 493 2670 Tam
532 2630 743 2671 excoctam
780 2629 951 2670 reddam
990 2637 1115 2682 atque
1148 2629 1281 2668 altram
1311 2642 1436 2681 quam
1467 2641 1556 2668 car-

838 2691 941 2732 bost.
1001 2690 1078 2732 M1.
1110 2690 1274 2731 Placet:
