1700 2984
143 165 226 209 xs‚5

142 429 296 474 v,5M1‹:.

157 1624 188 1648 10
206 1611 295 1652 Mn.

158 2247 189 2273 15

531 161 776 200 HEAVTON
801 160 1164 198 TIMORVMENOS
1427 149 1479 192 97

232 307 539 349 Mmmmmvs
598 306 825 350 CHREMES
885 305 1136 347 Sos'rRA'rA
1196 304 1430 346 Cmmpno

209 1485 287 1528 Cn.

208 1860 286 1903 Cn.

208 2110 284 2153 Cn.

209 2359 281 2402 So.

322 377 441 405 snmus
703 379 729 403 11
946 377 1095 403 MVLIER
1191 374 1444 402 Anvfflscrms

321 419 446 471 Enim
467 445 567 472 uero
583 430 783 471 Chremes
797 430 918 470 nimis
932 429 1117 484 grauiter
1130 428 1283 469 ersleiat
1299 428 1461 468 adules-

772 492 984 533 centulum

320 554 536 607 Nimisque
566 553 811 595 inhumane:
850 555 952 595 exeo
983 567 1083 608 ergo
1114 559 1158 593 ut
1189 554 1333 607 pacem
1364 565 1461 593 con-

769 615 917 657 ciliem.
965 615 1134 670 eptume

319 665 438 733 ipsos
464 677 598 719 uideo.
659 677 734 720 Cn.
773 677 923 731 Ehem,
953 677 1218 725 Menedeme‚
1249 677 1351 730 quer
1381 690 1462 717 non

769 740 924 782 accersi
948 739 1064 780 iubes

320 801 357 841 F
359 802 470 843 ssiam
502 808 542 843 et
572 802 683 856 quod
716 801 821 842 detis
852 801 937 842 dixi
962 801 1130 843 firmas?
1190 799 1259 841 So.
1297 799 1361 840 Mi
1385 800 1461 848 uir,

768 871 808 905 te
831 864 1001 905 ebsecro

319 925 383 966 Ne
398 925 538 967 facias.
567 925 639 967 CL.
659 925 798 975 Pater,
814 926 984 967 ebsecro
998 925 1055 966 mi
1067 924 1267 980 ignescas,
1292 924 1378 965 ΜΕ.
1393 923 1463 965 Da

768 988 948 1036 ueniam,
975 987 1193 1029 Chremes:

319 1049 420 1092 Sine
451 1057 491 1091 te
527 1058 708 1092 exorent.
769 1049 849 1091 CH.
887 1050 987 1090 Mea
1017 1051 1126 1090 bona
1156 1057 1201 1090 ut
1231 1049 1325 1090 dem
1356 1050 1462 1090 Bec-

768 1112 877 1153 ohidi
902 1111 1010 1153 done
1036 1112 1194 1153 sciens?

318 1175 358 1216 N
361 1175 414 1216 en
434 1175 596 1217 faciam.
634 1175 722 1216 ΜΕ.
748 1175 809 1216 At
826 1175 869 1216 id
887 1189 962 1216 nos
982 1174 1065 1216 nen
1085 1175 1280 1216 sinemus.
1319 1172 1394 1215 CL.
1416 1173 1463 1215 Si

766 1252 833 1279 me
856 1237 999 1278 uiuom
1024 1239 1101 1286 uis,
1127 1244 1257 1291 pater,

318 1287 508 1356 ignosce.
581 1299 654 1341 So.
698 1301 814 1356 Age,
852 1298 1054 1340 Chremes
1090 1299 1158 1339 mi.
1229 1299 1316 1340 ME.
1365 1299 1461 1353 Age

765 1377 939 1416 quaeso,
982 1364 1033 1402 ne
1076 1369 1161 1403 tam
1203 1361 1366 1403 offirma
1407 1363 1461 1410 te,

764 1423 979 1466 Chremes

324 1486 439 1539 Quid
469 1487 584 1528 istic?
619 1487 742 1529 uideo
773 1487 855 1528 nen
891 1487 1013 1528 licere
1050 1494 1095 1527 ut
1131 1487 1348 1541 coeperam
1385 1485 1461 1527 hoo

764 1549 1020 1604 pertendere.

319 1610 456 1660 Facis,
477 1619 522 1652 ut
542 1619 582 1653 te
602 1611 731 1653 decet.
775 1610 853 1653 CH.
880 1610 945 1653 Ea
963 1611 1055 1666 lege
1075 1610 1153 1652 hoo
1172 1610 1276 1652 adeo
1295 1610 1460 1660 faciam,

766 1676 800 1715 si
824 1674 923 1715 facit

319 1736 446 1789 Qued
482 1751 560 1792 ego
596 1736 707 1778 hune
743 1751 920 1791 aequom
963 1737 1124 1778 censeo,
1197 1735 1272 1777 CL.
1320 1735 1459 1785 Pater,

767 1799 906 1841 emnia
929 1798 1098 1840 faciam:
1123 1800 1292 1853 impera.

322 1848 506 1904 onrem
543 1870 588 1903 ut
625 1862 765 1903 ducas.
844 1861 918 1903 CL.
967 1861 1094 1903 Pater
1126 1893 1135 1901 .
1163 1860 1197 1902 ,ἶ
1269 1860 1347 1902 Cn.
1391 1861 1461 1902 Nil

766 1924 902 1965 audio.
964 1923 1036 1964 So.
1068 1923 1139 1963 Ad
1164 1938 1229 1964 me
1254 1923 1425 1977 recipio:

318 1986 474 2027 Faciet.
525 1985 603 2027 CH.
641 1986 710 2027 Nil
736 1987 858 2028 etiam
883 1986 1005 2027 al'ldio
1023 1986 1172 2040 ipsum.
1223 1985 1297 2026 CL.
1333 1985 1459 2026 Perii.

332 2097 339 2110 Ι
769 2048 841 2091 So.
879 2050 949 2089 An
974 2048 1154 2096 dubitas,
1182 2046 1390 2103 Clitipho?

322 2111 456 2152 Immo
476 2118 614 2152 utrum
636 2111 735 2153 uolt.
780 2110 852 2154 So.
878 2111 1022 2152 Feoiet
1041 2111 1190 2151 omnia.
1228 2110 1315 2151 Mn.
1342 2111 1460 2151 Haec

767 2174 866 2215 dum
890 2174 1076 2228 incipias,
1103 2173 1248 2228 grauia
1272 2181 1381 2223 sunt,

318 2235 516 2290 D1'1mque
541 2236 724 2291 ignores3
751 2237 821 2277 sibi
846 2236 1049 2292 cognoris,
1076 2236 1223 2278 facilia.
1273 2234 1348 2277 CL.
1379 2237 1460 2277 Fa-

766 2300 885 2348 ciam,
911 2306 1039 2354 pater.

320 2359 458 2403 Gnate
483 2362 552 2410 mi,
578 2376 656 2416 ego
677 2362 743 2416 pol
764 2362 837 2402 tibi
857 2362 964 2402 dabo
983 2361 1095 2402 illam
1114 2360 1308 2415 lepidam,
1334 2376 1459 2415 quam

765 2432 809 2465 tu
834 2424 954 2465 facile
980 2438 1111 2471 ames,
1449 2463 1453 2467 ,

318 2484 468 2525 Filiam
493 2484 781 2528 Phanocratae
806 2486 946 2527 nostri.
996 2484 1070 2526 CL.
1113 2485 1322 2527 Rfifamne
1348 2485 1458 2527 illam

767 2549 984 2604 uirginem,

320 2607 526 2658 Caesiam,
554 2624 696 2664 sparso
722 2611 806 2660 ere,
831 2611 993 2652 adunco
1017 2611 1142 2650 naso?
1173 2625 1255 2651 non
1280 2612 1459 2665 possem,

767 2681 895 2727 pater.

278 2738 430 2765 Terentius.
1238 2739 1257 2773 7

1486 430 1574 464 1045

1488 1054 1575 1088 1050

1485 1741 1573 1775 1055

1485 2366 1573 2400 1060
