1700 2984
43 136 108 181 IV,
126 136 157 171 7.
173 136 194 170 8

42 587 200 630 1v‚sM1·:.

77 908 93 934 5
112 895 190 937 CH.

115 957 192 999 Cn.

113 1080 191 1123 Cn.

62 1344 94 1368 10
114 1330 191 1372 Cn.

66 1905 98 1930 15
116 1893 203 1933 ΜΕ.

69 2280 102 2304 20
123 2266 200 2308 Cn.

125 2454 202 2496 Cn.

122 2517 210 2557 ΜΕ.

431 131 676 168 HEAVTON
699 127 1005 166 TIMORVMEN
1008 127 1066 162 OS
1334 114 1385 157 87

222 215 362 267 Quam
387 214 516 254 multa
541 213 695 254 iniusta
720 226 768 253 ac
792 213 921 267 prava
946 209 1050 250 fiunt
1074 206 1273 247 mdribus!

222 277 331 318 Mihi
355 277 466 317 nilne
489 275 640 317 relictis
665 274 789 315 rebus
813 271 1093 315 inueniundus
1119 277 1182 310 est
1411 270 1479 305 840

222 339 402 392 Aliquis,
427 337 568 379 labore
593 337 763 377 inue'nta
786 351 879 377 mea
902 333 1000 388 quoi
1024 332 1118 373 dem
1142 331 1265 371 bona.

411 461 763 503 MENEDEMVS
828 457 1088 499 CHREMES

512 531 633 558 SENEs
927 530 957 554 Π

225 586 364 627 Multo
390 585 573 626 emnium
598 597 708 624 nunc
733 583 798 623 me
824 581 1210 623 fortunatissumum

222 649 399 689 Factum
423 656 523 702 puto
549 661 653 694 esse,
679 645 803 699 quem
830 652 883 692 te,
908 651 1046 699 gnate,
1072 642 1267 696 intellego

222 711 444 765 Resipisse.
494 708 572 750 Cn.
600 708 658 750 Vt
683 706 808 747 errat!
852 706 940 746 ΜΕ.
971 705 1033 746 Te
1058 705 1195 759 ipsum
1220 717 1392 757 quaere-

669 769 778 817 bam,
806 767 1027 809 Chremes:

225 834 371 883 Seme,
398 833 510 886 quod
534 833 575 872 in
601 839 640 872 te
667 838 741 878 est,
767 830 900 870 filium
926 839 964 870 et
990 844 1056 869 1ne
1082 835 1122 869 et
1146 827 1356 868 familiam.
1415 827 1483 862 845

222 896 304 936 Dic
329 896 430 949 quid
455 895 518 935 uis
544 894 720 935 faciam?
760 892 849 932 ΜΕ.
876 891 1078 932 Inuenisti
1102 890 1225 931 hodie
1249 889 1390 929 filiam.

227 958 340 1009 Quid
384 957 498 998 tum?
549 956 638 996 ΜΕ.
676 955 798 994 Ηάῃο
841 968 1014 994 uxorem
1056 952 1134 993 sibi
1177 951 1266 992 dari
1306 950 1394 991 uolt

673 1015 821 1058 Clinia.

225 1081 393 1133 Quaes6
417 1081 518 1135 quid
543 1088 588 1121 tu
613 1078 790 1120 hominis
815 1078 885 1118 es?
925 1078 1012 1118 ΜΕ.
1046 1077 1160 1129 Quid
1185 1076 1271 1117 est?
1313 1073 1392 1116 Cn.

672 1141 818 1181 Iamne
844 1141 996 1181 oblitus
1023 1155 1080 1189 es,

223 1207 338 1248 Inter
360 1221 436 1248 nos
463 1205 564 1260 quid
587 1205 640 1245 sit
666 1204 822 1244 dictum
848 1203 898 1244 de
922 1203 1101 1251 fallacia,

223 1271 281 1312 Vt
306 1271 355 1310 θέ.
378 1269 448 1309 uia
473 1269 547 1309 abs
573 1275 612 1308 te
636 1267 856 1321 argentum
876 1265 1129 1307 auferretur?
1165 1265 1252 1305 ΜΕ.
1282 1262 1392 1304 Seio.
1418 1264 1485 1299 850

224 1331 288 1372 Ea
329 1332 394 1372 res
441 1345 552 1371 nunc
600 1329 737 1383 agitur
777 1329 879 1383 ipsa.
950 1328 1037 1368 ΜΕ.
1082 1326 1196 1378 Quid
1238 1327 1393 1373 narres,

675 1390 902 1432 Chremes?

226 1457 359 1496 Immo
380 1456 482 1496 haec
507 1455 676 1508 quidem
696 1468 803 1506 quae
829 1454 938 1508 apud
960 1468 1024 1493 me
1045 1459 1118 1501 est,
1146 1450 1393 1506 Clitiphdnis

675 1526 736 1557 est

226 1582 397 1622 Amica:
431 1580 488 1621 ita
514 1580 641 1620 aiunt.
694 1577 771 1619 Cn.
803 1567 857 1619 Et
883 1587 927 1618 tu
954 1577 1085 1618 credis
1110 1577 1259 1617 emnia.

226 1643 282 1684 Et
312 1643 428 1683 illum
457 1642 575 1683 aiunt
610 1641 717 1683 uelle
760 1641 942 1689 uxerem,
985 1648 1031 1680 ut
1066 1654 1191 1692 quom
1222 1638 1396 1694 despen-

675 1703 818 1752 derim,

226 1767 315 1809 Des
340 1767 411 1821 qui
443 1768 588 1808 aurum
621 1780 668 1806 ac
698 1774 857 1806 uestem
890 1772 1014 1818 atque
1044 1764 1124 1804 alia
1154 1778 1260 1817 quae
1292 1778 1394 1818 opus
1420 1770 1486 1804 855

674 1837 770 1868 sunt
795 1829 1017 1881 cdmparet.

230 1892 281 1933 Id
306 1894 366 1932 est
392 1892 597 1946 profecto:
629 1891 671 1931 id
697 1891 853 1931 amicae
879 1889 1057 1930 dabitur.
1118 1887 1195 1929 CH.
1230 1887 1396 1929 Scilicet

228 1954 450 1995 Daturum.
509 1954 596 1994 ΜΕ.
636 1953 718 2002 Ah,
757 1953 908 1993 frustra
939 1967 1030 1992 sum
1066 1952 1192 2006 igitur
1225 1950 1396 2005 gauisus

678 2016 814 2056 miser.

231 2080 410 2131 Quiduis
437 2087 575 2120 tamen
601 2078 682 2119 iam
709 2079 817 2118 malo
843 2091 968 2131 quam
994 2077 1103 2118 hunc
1128 2077 1329 2117 amittere.

232 2141 344 2193 Quid
366 2142 475 2183 nunc
494 2141 727 2182 renuntiem
748 2140 822 2181 zibs
843 2148 882 2181 te
903 2140 1161 2194 responsum,
1183 2137 1396 2187 Chremes,

233 2205 297 2245 Nc
324 2204 469 2245 sentiat
494 2219 560 2244 me
586 2204 763 2244 sensisse
788 2211 911 2256 atque
937 2203 1060 2256 aegre
1085 2201 1216 2243 ferat?
1422 2208 1488 2242 860

232 2267 398 2321 Aegre?
433 2266 606 2306 nimium
639 2266 710 2314 illi,
746 2265 1009 2313 Mehedeme,
1046 2264 1250 2319 indulges.
1308 2263 1396 2304 Mn.

682 2327 801 2369 Sine:

233 2392 508 2447 Ince'ptumst:
540 2390 691 2445 perfice
717 2389 792 2430 hec
817 2390 871 2430 mi
897 2389 1109 2444 perpetud,
1138 2387 1352 2429 Chremes.

236 2454 317 2495 Dic
343 2453 599 2502 cdnuenisse,
627 2454 760 2508 egisse
786 2460 825 2493 te
851 2452 902 2493 de
928 2451 1092 2506 nuptiis,

236 2516 400 2557 Dicam.
443 2515 543 2569 quid
586 2516 758 2556 deinde?
823 2513 900 2556 Cn.
942 2514 1017 2554 Me
1059 2514 1267 2556 facturum
1309 2527 1399 2554 esse

680 2577 831 2626 emnia,

237 2641 450 2684 Generum
477 2641 660 2695 placere3
686 2641 894 2696 pestremo
919 2640 1056 2689 etiam,
1082 2641 1116 2680 si
1141 2639 1269 2689 uoles,
1424 2647 1491 2682 865
