1726 2984
274 166 324 208 18
808 171 1004 208 ANDRIA
1545 172 1576 218 1,
1594 172 1617 209 5

383 254 511 308 Quod
536 254 569 296 si
594 255 651 304 fit,
677 267 801 309 pereo
827 253 1026 294 funditus.

179 328 247 364 245
383 306 535 359 Adeon
570 316 778 357 hominem
810 330 900 357 esse
937 316 1203 358 inuenustum
1240 322 1312 356 aut
1341 314 1548 358 infelicem
1567 327 1600 352 10

829 378 1096 431 quemquam,
1121 384 1168 418 ut
1193 392 1272 433 ego
1296 376 1407 419 sum!

382 440 467 483 Pre
493 441 617 482 deum
643 447 766 493 atque
792 438 1005 480 hominum
1028 439 1172 481 fidem!

385 503 541 545 Nullon
567 517 645 558 ego
672 500 906 543 Chremetis
931 509 1051 556 pacto
1077 501 1335 543 adfinitatem
1366 501 1549 557 effugere

833 563 1001 618 potero?

383 627 511 681 Qued
531 626 664 668 modis
685 627 961 680 contemptus,
986 625 1167 681 spretus!
1193 625 1316 675 fecta,
1342 632 1549 668 transacta

833 688 984 729 emnia.
1031 688 1140 737 hem,

384 752 644 807 Repudiatus
670 751 844 806 repetor.
883 764 1009 804 quam
1034 750 1087 790 ob
1112 750 1224 791 rem?
1248 749 1327 791 nisi
1351 749 1385 791 si
1408 749 1450 790 id
1475 756 1548 798 est,

832 812 945 866 quod
969 812 1173 867 suspicor:

178 886 247 922 250
382 864 558 931 Aliquid
577 875 749 917 monstri
770 874 902 916 alunt:
928 889 978 917 ea
997 874 1193 929 quoniam
1211 873 1366 915 nemini
1385 873 1550 915 obtrudi
1570 885 1601 911 15

833 944 984 992 potest,

380 988 471 1042 Ϊῐω·
495 1000 549 1041 ad
572 1015 651 1042 me.
701 999 791 1041 MY.
819 998 967 1040 Oratio
987 998 1090 1040 haec
1108 1014 1174 1040 me
1193 999 1384 1040 miseram
1410 998 1550 1041 exani-

830 1062 960 1103 mauit
984 1068 1110 1103 metu.

268 1127 346 1168 ΡΑ.
383 1126 493 1167 Nam
520 1125 619 1179 quid
645 1139 723 1180 ego
749 1124 884 1166 dicam
909 1123 960 1164 de
986 1123 1127 1178 patre?
1152 1122 1219 1172 ah,

381 1188 618 1229 Tantamne
636 1202 723 1229 rem
744 1194 828 1228 tam
847 1186 1113 1241 neclegenter
1132 1185 1275 1240 egere!
1297 1185 1550 1240 praeteriens

832 1249 955 1290 modo

380 1313 445 1353 Mi
475 1312 588 1367 apud
619 1312 755 1352 forum
787 1315 912 1352 ‘uxor
943 1311 1018 1351 tibi
1043 1310 1285 1359 ducendast,
1316 1310 1550 1365 Pamphile,

403 1424 410 1435 ¹
832 1373 971 1415 hodie’
997 1373 1151 1426 inquit:
1179 1377 1311 1428 ‘para‚

177 1446 245 1482 255
383 1437 469 1478 Abi
501 1436 697 1477 domum.’
753 1436 795 1476 id
825 1435 926 1476 mihi
958 1436 1091 1476 uisust
1116 1436 1251 1477 dicere
1282 1435 1370 1476 ‘abi
1395 1435 1475 1476 cito
1503 1450 1552 1477 ac
1570 1449 1603 1473 ευ

833 1498 1039 1553 suspende
1064 1498 1131 1539 te.9

384 1560 595 1616 Obstipui.
645 1561 797 1602 censen
821 1575 888 1601 me
908 1560 1086 1602 uerbum
1105 1560 1288 1615 petuisse
1308 1560 1437 1601 ullum
1457 1561 1552 1615 pre-

831 1623 971 1676 loqui‘?
997 1621 1108 1678 [aut]

382 1674 524 1729 Vllam
551 1699 733 1734 causam,
767 1684 951 1740 ineptam
977 1684 1137 1734 saltem,
1171 1684 1320 1726 falsam
1344 1685 1553 1739 iniquam?

832 1747 1032 1788 obmutui.
1048 1755 1070 1779 ’ὲ

384 1810 512 1864 Qued
548 1810 582 1851 si
619 1824 697 1865 ego
733 1810 950 1851 rescissem
980 1810 1022 1851 id
1053 1810 1188 1865 prius,
1225 1810 1326 1864 quid
1357 1809 1549 1860 facerem,

833 1872 868 1914 si
893 1872 985 1926 quis
1014 1871 1160 1928 [nunc]
1188 1873 1254 1913 me
1279 1880 1415 1927 roget:

384 1923 560 1989 Aliquid
591 1934 785 1983 facerem,
817 1942 863 1975 ut
893 1934 972 1976 hec
1002 1950 1054 1976 ne
1085 1934 1277 1977 facerem.
1338 1935 1411 1975 sed
1441 1950 1551 1977 nunc

833 1997 935 2050 quid
959 1997 1139 2052 primum
1163 1998 1390 2051 exsequar?

181 2071 248 2106 260
385 2061 467 2102 Tet
504 2075 571 2101 me
607 2059 826 2114 inpediunt
863 2060 1005 2109 curae,
1049 2074 1156 2113 quae
1192 2075 1331 2102 meum
1367 2059 1550 2100 animum
1570 2073 1602 2097 25

833 2121 1024 2163 diuorsae
1049 2121 1236 2162 trahunt:

385 2186 531 2234 Amor,
563 2183 846 2226 misericordia
871 2184 1005 2234 hujus,
1037 2184 1274 2239 nuptiarum
1307 2184 1551 2233 solficitzitio,

385 2247 497 2289 Tum
532 2246 661 2301 patris
697 2246 850 2300 pudor,
887 2247 958 2300 qui
979 2248 1054 2297 vme
1085 2254 1170 2287 tam
1200 2246 1282 2288 leni
1311 2249 1459 2301 passus
1490 2256 1551 2288 est

833 2309 969 2350 animo
994 2310 1127 2362 usque
1152 2308 1300 2357 adhuc,

387 2371 509 2425 Quae
533 2371 626 2413 mee
652 2385 862 2424 quomque
888 2371 1025 2412 animo
1050 2371 1266 2412 lubitumst
1292 2371 1441 2412 facere.
1486 2371 1552 2413 ein

832 2435 910 2488 ego
935 2441 981 2474 ut
1006 2433 1227 2474 aduorser‘?
1252 2435 1289 2474 ei
1313 2433 1432 2474 mihi!

385 2497 636 2537 Incertumst
667 2495 767 2550 quid
798 2510 933 2550 agam.
992 2496 1081 2536 MY.
1118 2495 1278 2537 Misera
1302 2496 1440 2545 timeo,
1472 2495 1551 2536 ‘in-

834 2558 1046 2599 certumst'
1068 2557 1145 2599 hoc
1167 2573 1363 2612 quorsum
1377 2558 1549 2599 eccidat.

183 2625 250 2662 265
390 2619 475 2662 Sed
500 2621 610 2662 nunc
635 2635 812 2676 peropus
839 2627 913 2669 est,
940 2620 1009 2660 aut
1035 2620 1145 2662 hunc
1171 2636 1264 2662 cum
1289 2621 1380 2675 ipsa
1404 2628 1473 2660 aut
1500 2620 1550 2662 dc
1569 2634 1601 2658 3ο

832 2683 903 2729 illa
927 2698 992 2729 me
1019 2683 1242 2725 aduorsum
1268 2683 1376 2725 hunc
1400 2683 1531 2737 loqui:
