<?xml version="1.0" encoding="UTF-8"?>
<!DOCTYPE html PUBLIC "-//W3C//DTD XHTML 1.0 Transitional//EN"
    "http://www.w3.org/TR/xhtml1/DTD/xhtml1-transitional.dtd">
<html xmlns="http://www.w3.org/1999/xhtml" xml:lang="en" lang="en">
 <head>
  <title>
</title>
<meta http-equiv="Content-Type" content="text/html;charset=utf-8" />
  <meta name='ocr-system' content='tesseract 3.04.00' />
  <meta name='ocr-capabilities' content='ocr_page ocr_carea ocr_par ocr_line ocrx_word'/>
</head>
<body>
  <div class='ocr_page' id='page_1' title='image "./pterentiafricomo00tereuoft/pterentiafricomo00tereuoft_0149.png"; bbox 0 0 1700 2984; ppageno 0'>
   <div class='ocr_carea' id='block_1_1' title="bbox 127 161 223 200">
    <p class='ocr_par' dir='ltr' id='par_1_1' title="bbox 127 161 223 200">
     <span class='ocr_line' id='line_1_1' title="bbox 127 161 223 200; baseline -0.01 0"><span class='ocrx_word' id='word_1_1' title='bbox 127 161 223 200; x_wconf 82' lang='lat' dir='ltr'>Ptol.</span> 
     </span>
    </p>
   </div>
   <div class='ocr_carea' id='block_1_2' title="bbox 134 1474 167 1499">
    <p class='ocr_par' dir='ltr' id='par_1_2' title="bbox 134 1474 167 1499">
     <span class='ocr_line' id='line_1_2' title="bbox 134 1474 167 1499; baseline 0 0"><span class='ocrx_word' id='word_1_2' title='bbox 134 1474 167 1499; x_wconf 84' lang='lat'>10</span> 
     </span>
    </p>
   </div>
   <div class='ocr_carea' id='block_1_3' title="bbox 134 1813 166 1838">
    <p class='ocr_par' dir='ltr' id='par_1_3' title="bbox 134 1813 166 1838">
     <span class='ocr_line' id='line_1_3' title="bbox 134 1813 166 1838; baseline 0 0"><span class='ocrx_word' id='word_1_3' title='bbox 134 1813 166 1838; x_wconf 90' lang='grc'>15</span> 
     </span>
    </p>
   </div>
   <div class='ocr_carea' id='block_1_4' title="bbox 131 2155 164 2179">
    <p class='ocr_par' dir='ltr' id='par_1_4' title="bbox 131 2155 164 2179">
     <span class='ocr_line' id='line_1_4' title="bbox 131 2155 164 2179; baseline 0 0"><span class='ocrx_word' id='word_1_4' title='bbox 131 2155 164 2179; x_wconf 85' lang='grc'>20</span> 
     </span>
    </p>
   </div>
   <div class='ocr_carea' id='block_1_5' title="bbox 132 2492 164 2517">
    <p class='ocr_par' dir='ltr' id='par_1_5' title="bbox 132 2492 164 2517">
     <span class='ocr_line' id='line_1_5' title="bbox 132 2492 164 2517; baseline 0 0"><span class='ocrx_word' id='word_1_5' title='bbox 132 2492 164 2517; x_wconf 84' lang='grc'>25</span> 
     </span>
    </p>
   </div>
   <div class='ocr_carea' id='block_1_6' title="bbox 696 152 1463 200">
    <p class='ocr_par' dir='ltr' id='par_1_6' title="bbox 696 152 1463 200">
     <span class='ocr_line' id='line_1_6' title="bbox 696 152 1463 200; baseline -0.008 0"><span class='ocrx_word' id='word_1_6' title='bbox 696 162 794 200; x_wconf 87' lang='lat' dir='ltr'>EVN</span> <span class='ocrx_word' id='word_1_7' title='bbox 802 161 964 200; x_wconf 86' lang='lat' dir='ltr'>VCHVS</span> <span class='ocrx_word' id='word_1_8' title='bbox 1385 152 1463 195; x_wconf 82' lang='lat'>101</span> 
     </span>
    </p>
   </div>
   <div class='ocr_carea' id='block_1_7' title="bbox 605 699 1039 745">
    <p class='ocr_par' dir='ltr' id='par_1_7' title="bbox 605 699 1039 745">
     <span class='ocr_line' id='line_1_7' title="bbox 605 699 1039 745; baseline 0 -2"><span class='ocrx_word' id='word_1_9' title='bbox 605 699 1039 745; x_wconf 87' lang='lat' dir='ltr'>PROLOGVS.</span> 
     </span>
    </p>
   </div>
   <div class='ocr_carea' id='block_1_8' title="bbox 237 847 1403 2739">
    <p class='ocr_par' dir='ltr' id='par_1_8' title="bbox 243 847 1277 971">
     <span class='ocr_line' id='line_1_8' title="bbox 245 847 1277 904; baseline -0.001 -13"><span class='ocrx_word' id='word_1_10' title='bbox 245 847 293 891; x_wconf 89' lang='lat' dir='ltr'>Si</span> <span class='ocrx_word' id='word_1_11' title='bbox 316 850 588 902; x_wconf 81' lang='lat' dir='ltr'><strong>quisquamst,</strong></span> <span class='ocrx_word' id='word_1_12' title='bbox 613 849 684 902; x_wconf 91' lang='lat' dir='ltr'>qui</span> <span class='ocrx_word' id='word_1_13' title='bbox 709 849 873 904; x_wconf 86' lang='lat' dir='ltr'>placere</span> <span class='ocrx_word' id='word_1_14' title='bbox 898 864 942 890; x_wconf 91' lang='lat' dir='ltr'>se</span> <span class='ocrx_word' id='word_1_15' title='bbox 967 848 1133 890; x_wconf 69' lang='lat' dir='ltr'>studeat</span> <span class='ocrx_word' id='word_1_16' title='bbox 1156 848 1277 890; x_wconf 85' lang='lat' dir='ltr'>bonis</span> 
     </span>
     <span class='ocr_line' id='line_1_9' title="bbox 243 915 1245 971; baseline 0.001 -14"><span class='ocrx_word' id='word_1_17' title='bbox 243 915 384 970; x_wconf 82' lang='lat' dir='ltr'>Quam</span> <span class='ocrx_word' id='word_1_18' title='bbox 407 916 593 971; x_wconf 78' lang='lat' dir='ltr'>plurimis</span> <span class='ocrx_word' id='word_1_19' title='bbox 619 925 658 958; x_wconf 89' lang='lat' dir='ltr'>et</span> <span class='ocrx_word' id='word_1_20' title='bbox 683 918 866 958; x_wconf 83' lang='lat' dir='ltr'>minume</span> <span class='ocrx_word' id='word_1_21' title='bbox 891 917 1042 958; x_wconf 88' lang='lat' dir='ltr'>multos</span> <span class='ocrx_word' id='word_1_22' title='bbox 1067 917 1245 966; x_wconf 88' lang='lat' dir='ltr'>laedere,</span> 
     </span>
    </p>

    <p class='ocr_par' dir='ltr' id='par_1_9' title="bbox 242 984 1187 1040">
     <span class='ocr_line' id='line_1_10' title="bbox 242 984 1187 1040; baseline 0 -15"><span class='ocrx_word' id='word_1_23' title='bbox 242 984 293 1026; x_wconf 92' lang='lat' dir='ltr'>In</span> <span class='ocrx_word' id='word_1_24' title='bbox 317 984 380 1025; x_wconf 86' lang='lat' dir='ltr'>his</span> <span class='ocrx_word' id='word_1_25' title='bbox 404 988 525 1039; x_wconf 81' lang='lat' dir='ltr'>poe&#39;ta</span> <span class='ocrx_word' id='word_1_26' title='bbox 549 984 615 1026; x_wconf 91' lang='lat' dir='ltr'>hic</span> <span class='ocrx_word' id='word_1_27' title='bbox 639 986 791 1026; x_wconf 82' lang='lat' dir='ltr'>nemen</span> <span class='ocrx_word' id='word_1_28' title='bbox 816 985 1032 1040; x_wconf 80' lang='lat' dir='ltr'>profitetur</span> <span class='ocrx_word' id='word_1_29' title='bbox 1055 999 1187 1026; x_wconf 90' lang='lat' dir='ltr'>suom.</span> 
     </span>
    </p>

    <p class='ocr_par' dir='ltr' id='par_1_10' title="bbox 241 1052 1350 1170">
     <span class='ocr_line' id='line_1_11' title="bbox 242 1052 1350 1106; baseline 0.002 -13"><span class='ocrx_word' id='word_1_30' title='bbox 242 1053 353 1093; x_wconf 87' lang='lat' dir='ltr'>Tum</span> <span class='ocrx_word' id='word_1_31' title='bbox 377 1054 411 1093; x_wconf 87' lang='lat' dir='ltr'>si</span> <span class='ocrx_word' id='word_1_32' title='bbox 433 1053 526 1106; x_wconf 87' lang='lat' dir='ltr'>quis</span> <span class='ocrx_word' id='word_1_33' title='bbox 551 1061 625 1102; x_wconf 88' lang='lat' dir='ltr'>est,</span> <span class='ocrx_word' id='word_1_34' title='bbox 651 1053 722 1106; x_wconf 93' lang='lat' dir='ltr'>qui</span> <span class='ocrx_word' id='word_1_35' title='bbox 747 1052 902 1094; x_wconf 85' lang='lat' dir='ltr'>dictum</span> <span class='ocrx_word' id='word_1_36' title='bbox 927 1052 969 1093; x_wconf 86' lang='lat' dir='ltr'>in</span> <span class='ocrx_word' id='word_1_37' title='bbox 994 1067 1038 1094; x_wconf 89' lang='lat' dir='ltr'>se</span> <span class='ocrx_word' id='word_1_38' title='bbox 1061 1052 1350 1095; x_wconf 88' lang='lat' dir='ltr'>inclementius</span> 
     </span>
     <span class='ocr_line' id='line_1_12' title="bbox 241 1120 996 1170; baseline -0.001 -9"><span class='ocrx_word' id='word_1_39' title='bbox 241 1120 525 1162; x_wconf 83' lang='lat' dir='ltr'>Existumauit</span> <span class='ocrx_word' id='word_1_40' title='bbox 549 1122 652 1170; x_wconf 91' lang='lat' dir='ltr'>esse,</span> <span class='ocrx_word' id='word_1_41' title='bbox 679 1120 738 1162; x_wconf 90' lang='lat' dir='ltr'>sic</span> <span class='ocrx_word' id='word_1_42' title='bbox 763 1122 996 1169; x_wconf 81' lang='lat' dir='ltr'>existumet,</span> 
     </span>
    </p>

    <p class='ocr_par' dir='ltr' id='par_1_11' title="bbox 238 1188 1371 1910">
     <span class='ocr_line' id='line_1_13' title="bbox 239 1188 1343 1244; baseline -0.001 -14"><span class='ocrx_word' id='word_1_43' title='bbox 239 1189 517 1244; x_wconf 81' lang='lat' dir='ltr'>Respensum,</span> <span class='ocrx_word' id='word_1_44' title='bbox 541 1202 624 1229; x_wconf 92' lang='lat' dir='ltr'>non</span> <span class='ocrx_word' id='word_1_45' title='bbox 649 1188 804 1230; x_wconf 86' lang='lat' dir='ltr'>dictum</span> <span class='ocrx_word' id='word_1_46' title='bbox 830 1190 933 1237; x_wconf 87' lang='lat' dir='ltr'>esse,</span> <span class='ocrx_word' id='word_1_47' title='bbox 959 1188 1056 1242; x_wconf 81' lang='lat' dir='ltr'>quia</span> <span class='ocrx_word' id='word_1_48' title='bbox 1079 1189 1197 1229; x_wconf 84' lang='lat' dir='ltr'>laesit</span> <span class='ocrx_word' id='word_1_49' title='bbox 1221 1188 1343 1243; x_wconf 88' lang='lat' dir='ltr'>prior,</span> 
     </span>
     <span class='ocr_line' id='line_1_14' title="bbox 242 1256 1321 1309; baseline 0.001 -12"><span class='ocrx_word' id='word_1_50' title='bbox 242 1256 328 1309; x_wconf 80' lang='lat' dir='ltr'>Qui</span> <span class='ocrx_word' id='word_1_51' title='bbox 352 1257 459 1298; x_wconf 91' lang='lat' dir='ltr'>bene</span> <span class='ocrx_word' id='word_1_52' title='bbox 484 1256 686 1298; x_wconf 88' lang='lat' dir='ltr'>uortendo</span> <span class='ocrx_word' id='word_1_53' title='bbox 713 1265 753 1297; x_wconf 91' lang='lat' dir='ltr'>et</span> <span class='ocrx_word' id='word_1_54' title='bbox 778 1256 944 1297; x_wconf 71' lang='lat' dir='ltr'>easdem</span> <span class='ocrx_word' id='word_1_55' title='bbox 969 1256 1189 1298; x_wconf 67' lang='lat' dir='ltr'>scribendo</span> <span class='ocrx_word' id='word_1_56' title='bbox 1214 1257 1321 1298; x_wconf 88' lang='lat' dir='ltr'>male</span> 
     </span>
     <span class='ocr_line' id='line_1_15' title="bbox 242 1323 1243 1366; baseline -0.001 0"><span class='ocrx_word' id='word_1_57' title='bbox 242 1324 309 1366; x_wconf 84' lang='lat' dir='ltr'>Ex</span> <span class='ocrx_word' id='word_1_58' title='bbox 335 1324 506 1366; x_wconf 87' lang='lat' dir='ltr'>Graecis</span> <span class='ocrx_word' id='word_1_59' title='bbox 530 1324 650 1365; x_wconf 87' lang='lat' dir='ltr'>bonis</span> <span class='ocrx_word' id='word_1_60' title='bbox 675 1324 848 1365; x_wconf 86' lang='lat' dir='ltr'>Latinas</span> <span class='ocrx_word' id='word_1_61' title='bbox 873 1323 972 1365; x_wconf 87' lang='lat' dir='ltr'>fecit</span> <span class='ocrx_word' id='word_1_62' title='bbox 994 1325 1077 1365; x_wconf 78' lang='lat' dir='ltr'>non</span> <span class='ocrx_word' id='word_1_63' title='bbox 1102 1323 1243 1365; x_wconf 86' lang='lat' dir='ltr'>bonas.</span> 
     </span>
     <span class='ocr_line' id='line_1_16' title="bbox 242 1389 1353 1447; baseline 0 -13"><span class='ocrx_word' id='word_1_64' title='bbox 242 1393 360 1435; x_wconf 88' lang='lat' dir='ltr'>Idem</span> <span class='ocrx_word' id='word_1_65' title='bbox 384 1392 609 1434; x_wconf 85' lang='lat' dir='ltr'>Menandri</span> <span class='ocrx_word' id='word_1_66' title='bbox 633 1391 819 1433; x_wconf 72' lang='lat' dir='ltr'>Phasma</span> <span class='ocrx_word' id='word_1_67' title='bbox 844 1389 994 1447; x_wconf 90' lang='lat' dir='ltr'>[nunc]</span> <span class='ocrx_word' id='word_1_68' title='bbox 1020 1406 1153 1446; x_wconf 89' lang='lat' dir='ltr'>nuper</span> <span class='ocrx_word' id='word_1_69' title='bbox 1169 1392 1353 1447; x_wconf 74' lang='lat' dir='ltr'>pe‘rdidit</span> 
     </span>
     <span class='ocr_line' id='line_1_17' title="bbox 241 1460 1274 1515; baseline 0 -13"><span class='ocrx_word' id='word_1_70' title='bbox 241 1463 382 1515; x_wconf 81' lang='lat' dir='ltr'>Atque</span> <span class='ocrx_word' id='word_1_71' title='bbox 406 1463 448 1501; x_wconf 84' lang='lat' dir='ltr'>in</span> <span class='ocrx_word' id='word_1_72' title='bbox 473 1460 717 1502; x_wconf 83' lang='lat' dir='ltr'>Thensauro</span> <span class='ocrx_word' id='word_1_73' title='bbox 743 1460 919 1514; x_wconf 80' lang='lat' dir='ltr'>scripsit,</span> <span class='ocrx_word' id='word_1_74' title='bbox 945 1474 1114 1501; x_wconf 86' lang='lat' dir='ltr'>causam</span> <span class='ocrx_word' id='word_1_75' title='bbox 1138 1460 1274 1502; x_wconf 81' lang='lat' dir='ltr'>dicere</span> 
     </span>
     <span class='ocr_line' id='line_1_18' title="bbox 240 1528 1269 1584; baseline -0.001 -14"><span class='ocrx_word' id='word_1_76' title='bbox 240 1529 364 1570; x_wconf 86' lang='lat' dir='ltr'>Prius</span> <span class='ocrx_word' id='word_1_77' title='bbox 389 1528 498 1570; x_wconf 76' lang='lat' dir='ltr'>unde</span> <span class='ocrx_word' id='word_1_78' title='bbox 523 1529 688 1584; x_wconf 87' lang='lat' dir='ltr'>petitur,</span> <span class='ocrx_word' id='word_1_79' title='bbox 714 1528 860 1568; x_wconf 75' lang='lat' dir='ltr'>aurum</span> <span class='ocrx_word' id='word_1_80' title='bbox 886 1541 969 1580; x_wconf 87' lang='lat' dir='ltr'>qua</span> <span class='ocrx_word' id='word_1_81' title='bbox 993 1542 1036 1569; x_wconf 92' lang='lat' dir='ltr'>re</span> <span class='ocrx_word' id='word_1_82' title='bbox 1062 1529 1113 1568; x_wconf 88' lang='lat' dir='ltr'>sit</span> <span class='ocrx_word' id='word_1_83' title='bbox 1137 1542 1269 1577; x_wconf 86' lang='lat' dir='ltr'>suom,</span> 
     </span>
     <span class='ocr_line' id='line_1_19' title="bbox 242 1595 1369 1651; baseline -0.001 -13"><span class='ocrx_word' id='word_1_84' title='bbox 242 1596 380 1649; x_wconf 81' lang='lat' dir='ltr'>Quam</span> <span class='ocrx_word' id='word_1_85' title='bbox 405 1597 488 1637; x_wconf 91' lang='lat' dir='ltr'>illic</span> <span class='ocrx_word' id='word_1_86' title='bbox 513 1596 582 1650; x_wconf 89' lang='lat' dir='ltr'>qui</span> <span class='ocrx_word' id='word_1_87' title='bbox 607 1596 723 1651; x_wconf 88' lang='lat' dir='ltr'>petit,</span> <span class='ocrx_word' id='word_1_88' title='bbox 749 1596 858 1636; x_wconf 89' lang='lat' dir='ltr'>unde</span> <span class='ocrx_word' id='word_1_89' title='bbox 883 1597 917 1636; x_wconf 89' lang='lat' dir='ltr'>is</span> <span class='ocrx_word' id='word_1_90' title='bbox 943 1595 995 1636; x_wconf 85' lang='lat' dir='ltr'>sit</span> <span class='ocrx_word' id='word_1_91' title='bbox 1019 1595 1266 1637; x_wconf 73' lang='lat' dir='ltr'>thensaurus</span> <span class='ocrx_word' id='word_1_92' title='bbox 1291 1597 1369 1637; x_wconf 85' lang='lat' dir='ltr'>sibi</span> 
     </span>
     <span class='ocr_line' id='line_1_20' title="bbox 240 1664 1346 1719; baseline -0.001 -14"><span class='ocrx_word' id='word_1_93' title='bbox 240 1665 330 1705; x_wconf 84' lang='lat' dir='ltr'>Aut</span> <span class='ocrx_word' id='word_1_94' title='bbox 354 1665 463 1705; x_wconf 71' lang='lat' dir='ltr'>{inde</span> <span class='ocrx_word' id='word_1_95' title='bbox 488 1664 531 1705; x_wconf 89' lang='lat' dir='ltr'>in</span> <span class='ocrx_word' id='word_1_96' title='bbox 555 1664 734 1718; x_wconf 84' lang='lat' dir='ltr'>patrium</span> <span class='ocrx_word' id='word_1_97' title='bbox 759 1665 1075 1704; x_wconf 77' lang='lat' dir='ltr'>menumentum</span> <span class='ocrx_word' id='word_1_98' title='bbox 1099 1665 1346 1719; x_wconf 85' lang='lat' dir='ltr'>peruenerit.</span> 
     </span>
     <span class='ocr_line' id='line_1_21' title="bbox 240 1731 1266 1787; baseline -0.001 -14"><span class='ocrx_word' id='word_1_99' title='bbox 240 1732 406 1774; x_wconf 88' lang='lat' dir='ltr'>Dehinc</span> <span class='ocrx_word' id='word_1_100' title='bbox 430 1734 482 1773; x_wconf 90' lang='lat' dir='ltr'>ne</span> <span class='ocrx_word' id='word_1_101' title='bbox 506 1732 727 1773; x_wconf 86' lang='lat' dir='ltr'>frustretur</span> <span class='ocrx_word' id='word_1_102' title='bbox 748 1733 838 1786; x_wconf 90' lang='lat' dir='ltr'>ipse</span> <span class='ocrx_word' id='word_1_103' title='bbox 864 1746 906 1772; x_wconf 90' lang='lat' dir='ltr'>se</span> <span class='ocrx_word' id='word_1_104' title='bbox 932 1738 1003 1772; x_wconf 86' lang='lat' dir='ltr'>aut</span> <span class='ocrx_word' id='word_1_105' title='bbox 1027 1731 1086 1772; x_wconf 86' lang='lat' dir='ltr'>sic</span> <span class='ocrx_word' id='word_1_106' title='bbox 1111 1731 1266 1787; x_wconf 81' lang='lat' dir='ltr'>cegitet</span> 
     </span>
     <span class='ocr_line' id='line_1_22' title="bbox 240 1799 1371 1853; baseline 0.002 -12"><span class='ocrx_word' id='word_1_107' title='bbox 240 1799 496 1842; x_wconf 76' lang='lat' dir='ltr'>‘Defunctus</span> <span class='ocrx_word' id='word_1_108' title='bbox 520 1800 602 1841; x_wconf 88' lang='lat' dir='ltr'>iam</span> <span class='ocrx_word' id='word_1_109' title='bbox 628 1814 734 1849; x_wconf 87' lang='lat' dir='ltr'>sum,</span> <span class='ocrx_word' id='word_1_110' title='bbox 759 1799 816 1839; x_wconf 92' lang='lat' dir='ltr'>nil</span> <span class='ocrx_word' id='word_1_111' title='bbox 841 1807 902 1840; x_wconf 90' lang='lat' dir='ltr'>est</span> <span class='ocrx_word' id='word_1_112' title='bbox 926 1799 1039 1853; x_wconf 90' lang='lat' dir='ltr'>quod</span> <span class='ocrx_word' id='word_1_113' title='bbox 1064 1799 1174 1841; x_wconf 74' lang='lat' dir='ltr'>dicat</span> <span class='ocrx_word' id='word_1_114' title='bbox 1197 1799 1336 1842; x_wconf 88' lang='lat' dir='ltr'>mihi’:</span> <span class='ocrx_word' id='word_1_115' title='bbox 1366 1839 1371 1844; x_wconf 71' lang='grc'>,</span> 
     </span>
     <span class='ocr_line' id='line_1_23' title="bbox 238 1867 1152 1910; baseline -0.002 0"><span class='ocrx_word' id='word_1_116' title='bbox 238 1869 281 1910; x_wconf 91' lang='lat' dir='ltr'>Is</span> <span class='ocrx_word' id='word_1_117' title='bbox 306 1883 358 1910; x_wconf 87' lang='lat' dir='ltr'>ne</span> <span class='ocrx_word' id='word_1_118' title='bbox 383 1870 490 1910; x_wconf 86' lang='lat' dir='ltr'>erret</span> <span class='ocrx_word' id='word_1_119' title='bbox 514 1882 663 1910; x_wconf 91' lang='lat' dir='ltr'>moneo</span> <span class='ocrx_word' id='word_1_120' title='bbox 689 1875 729 1910; x_wconf 90' lang='lat' dir='ltr'>et</span> <span class='ocrx_word' id='word_1_121' title='bbox 754 1867 915 1908; x_wconf 89' lang='lat' dir='ltr'>desinat</span> <span class='ocrx_word' id='word_1_122' title='bbox 938 1868 1152 1909; x_wconf 79' lang='lat' dir='ltr'>lacessere.</span> 
     </span>
    </p>

    <p class='ocr_par' dir='ltr' id='par_1_12' title="bbox 239 1935 1269 2059">
     <span class='ocr_line' id='line_1_24' title="bbox 239 1935 1269 1989; baseline -0.001 -12"><span class='ocrx_word' id='word_1_123' title='bbox 239 1937 390 1978; x_wconf 89' lang='lat' dir='ltr'>Habeo</span> <span class='ocrx_word' id='word_1_124' title='bbox 414 1937 496 1977; x_wconf 77' lang='lat' dir='ltr'>alia</span> <span class='ocrx_word' id='word_1_125' title='bbox 518 1936 661 1985; x_wconf 85' lang='lat' dir='ltr'>multa,</span> <span class='ocrx_word' id='word_1_126' title='bbox 687 1937 794 1989; x_wconf 84' lang='lat' dir='ltr'>quae</span> <span class='ocrx_word' id='word_1_127' title='bbox 819 1949 929 1976; x_wconf 87' lang='lat' dir='ltr'>nunc</span> <span class='ocrx_word' id='word_1_128' title='bbox 954 1935 1269 1984; x_wconf 75' lang='lat' dir='ltr'>condonabitur,</span> 
     </span>
     <span class='ocr_line' id='line_1_25' title="bbox 239 2003 1211 2059; baseline 0 -14"><span class='ocrx_word' id='word_1_129' title='bbox 239 2004 361 2057; x_wconf 81' lang='lat' dir='ltr'>Quae</span> <span class='ocrx_word' id='word_1_130' title='bbox 386 2004 648 2059; x_wconf 81' lang='lat' dir='ltr'>proferentur</span> <span class='ocrx_word' id='word_1_131' title='bbox 672 2005 778 2058; x_wconf 84' lang='lat' dir='ltr'>post,</span> <span class='ocrx_word' id='word_1_132' title='bbox 805 2003 839 2044; x_wconf 90' lang='lat' dir='ltr'>si</span> <span class='ocrx_word' id='word_1_133' title='bbox 863 2010 1007 2058; x_wconf 84' lang='lat' dir='ltr'>perget</span> <span class='ocrx_word' id='word_1_134' title='bbox 1033 2003 1211 2053; x_wconf 89' lang='lat' dir='ltr'>laedere,</span> 
     </span>
    </p>

    <p class='ocr_par' dir='ltr' id='par_1_13' title="bbox 237 2072 1403 2398">
     <span class='ocr_line' id='line_1_26' title="bbox 238 2072 1375 2125; baseline -0.001 -11"><span class='ocrx_word' id='word_1_135' title='bbox 238 2074 305 2114; x_wconf 89' lang='lat' dir='ltr'>Ita</span> <span class='ocrx_word' id='word_1_136' title='bbox 328 2080 372 2113; x_wconf 89' lang='lat' dir='ltr'>ut</span> <span class='ocrx_word' id='word_1_137' title='bbox 398 2073 535 2114; x_wconf 72' lang='lat' dir='ltr'>facere</span> <span class='ocrx_word' id='word_1_138' title='bbox 559 2072 745 2113; x_wconf 87' lang='lat' dir='ltr'>instituit.</span> <span class='ocrx_word' id='word_1_139' title='bbox 794 2073 919 2125; x_wconf 74' lang='lat' dir='ltr'>quam</span> <span class='ocrx_word' id='word_1_140' title='bbox 943 2085 1054 2112; x_wconf 89' lang='lat' dir='ltr'>nunc</span> <span class='ocrx_word' id='word_1_141' title='bbox 1079 2073 1211 2113; x_wconf 86' lang='lat' dir='ltr'>acturi</span> <span class='ocrx_word' id='word_1_142' title='bbox 1234 2087 1375 2113; x_wconf 89' lang='lat' dir='ltr'>sumus</span> 
     </span>
     <span class='ocr_line' id='line_1_27' title="bbox 237 2139 1403 2194; baseline 0 -13"><span class='ocrx_word' id='word_1_143' title='bbox 237 2141 460 2182; x_wconf 54' lang='lat' dir='ltr'>Menandri</span> <span class='ocrx_word' id='word_1_144' title='bbox 484 2139 752 2188; x_wconf 88' lang='lat' dir='ltr'>Eunuchum,</span> <span class='ocrx_word' id='word_1_145' title='bbox 778 2140 999 2194; x_wconf 79' lang='lat' dir='ltr'>pestquam</span> <span class='ocrx_word' id='word_1_146' title='bbox 1023 2139 1177 2181; x_wconf 88' lang='lat' dir='ltr'>aediles</span> <span class='ocrx_word' id='word_1_147' title='bbox 1202 2141 1403 2190; x_wconf 87' lang='lat' dir='ltr'>emerunt,</span> 
     </span>
     <span class='ocr_line' id='line_1_28' title="bbox 237 2207 1151 2262; baseline -0.002 -12"><span class='ocrx_word' id='word_1_148' title='bbox 237 2208 421 2250; x_wconf 75' lang='lat' dir='ltr'>Perfecit</span> <span class='ocrx_word' id='word_1_149' title='bbox 445 2208 523 2249; x_wconf 88' lang='lat' dir='ltr'>sibi</span> <span class='ocrx_word' id='word_1_150' title='bbox 547 2215 593 2249; x_wconf 92' lang='lat' dir='ltr'>ut</span> <span class='ocrx_word' id='word_1_151' title='bbox 616 2207 866 2262; x_wconf 87' lang='lat' dir='ltr'>inspiciundi</span> <span class='ocrx_word' id='word_1_152' title='bbox 891 2214 996 2248; x_wconf 87' lang='lat' dir='ltr'>esset</span> <span class='ocrx_word' id='word_1_153' title='bbox 1021 2207 1151 2262; x_wconf 77' lang='lat' dir='ltr'>Cepia.</span> 
     </span>
     <span class='ocr_line' id='line_1_29' title="bbox 238 2275 1290 2331; baseline 0 -14"><span class='ocrx_word' id='word_1_154' title='bbox 238 2277 512 2331; x_wconf 73' lang='lat' dir='ltr'>Magistratus</span> <span class='ocrx_word' id='word_1_155' title='bbox 538 2290 663 2329; x_wconf 90' lang='lat' dir='ltr'>quom</span> <span class='ocrx_word' id='word_1_156' title='bbox 688 2275 745 2316; x_wconf 84' lang='lat' dir='ltr'>ibi</span> <span class='ocrx_word' id='word_1_157' title='bbox 770 2275 946 2323; x_wconf 79' lang='lat' dir='ltr'>adesset,</span> <span class='ocrx_word' id='word_1_158' title='bbox 973 2277 1184 2329; x_wconf 70' lang='lat' dir='ltr'>occeptast</span> <span class='ocrx_word' id='word_1_159' title='bbox 1209 2275 1290 2331; x_wconf 83' lang='lat' dir='ltr'>agi.</span> 
     </span>
     <span class='ocr_line' id='line_1_30' title="bbox 240 2342 1139 2398; baseline -0.002 -14"><span class='ocrx_word' id='word_1_160' title='bbox 240 2344 459 2384; x_wconf 73' lang='lat' dir='ltr'>Exclamat</span> <span class='ocrx_word' id='word_1_161' title='bbox 483 2344 630 2393; x_wconf 88' lang='lat' dir='ltr'>furem,</span> <span class='ocrx_word' id='word_1_162' title='bbox 656 2345 739 2384; x_wconf 76' lang='lat' dir='ltr'>nen</span> <span class='ocrx_word' id='word_1_163' title='bbox 764 2347 927 2398; x_wconf 71' lang='lat' dir='ltr'>poetam</span> <span class='ocrx_word' id='word_1_164' title='bbox 954 2342 1139 2383; x_wconf 64' lang='lat' dir='ltr'>fabulam</span> 
     </span>
    </p>

    <p class='ocr_par' dir='ltr' id='par_1_14' title="bbox 238 2410 1400 2601">
     <span class='ocr_line' id='line_1_31' title="bbox 239 2410 1181 2453; baseline -0.001 -2"><span class='ocrx_word' id='word_1_165' title='bbox 239 2411 418 2452; x_wconf 86' lang='lat' dir='ltr'>Dedisse</span> <span class='ocrx_word' id='word_1_166' title='bbox 443 2418 483 2452; x_wconf 91' lang='lat' dir='ltr'>et</span> <span class='ocrx_word' id='word_1_167' title='bbox 506 2412 564 2452; x_wconf 87' lang='lat' dir='ltr'>nil</span> <span class='ocrx_word' id='word_1_168' title='bbox 589 2411 751 2453; x_wconf 89' lang='lat' dir='ltr'>dedisse</span> <span class='ocrx_word' id='word_1_169' title='bbox 776 2410 999 2452; x_wconf 77' lang='lat' dir='ltr'>uerborum</span> <span class='ocrx_word' id='word_1_170' title='bbox 1024 2418 1181 2451; x_wconf 85' lang='lat' dir='ltr'>tamen:</span> 
     </span>
     <span class='ocr_line' id='line_1_32' title="bbox 241 2478 1400 2529; baseline 0.001 -9"><span class='ocrx_word' id='word_1_171' title='bbox 241 2478 437 2520; x_wconf 81' lang='lat' dir='ltr'>Colacem</span> <span class='ocrx_word' id='word_1_172' title='bbox 462 2481 551 2520; x_wconf 89' lang='lat' dir='ltr'>esse</span> <span class='ocrx_word' id='word_1_173' title='bbox 576 2479 711 2520; x_wconf 87' lang='lat' dir='ltr'>Naeui</span> <span class='ocrx_word' id='word_1_174' title='bbox 736 2485 774 2520; x_wconf 92' lang='lat' dir='ltr'>et</span> <span class='ocrx_word' id='word_1_175' title='bbox 799 2478 953 2525; x_wconf 72' lang='lat' dir='ltr'>Plauti,</span> <span class='ocrx_word' id='word_1_176' title='bbox 987 2486 1169 2519; x_wconf 83' lang='lat' dir='ltr'>ueterem</span> <span class='ocrx_word' id='word_1_177' title='bbox 1195 2478 1381 2521; x_wconf 78' lang='lat' dir='ltr'>fabulam</span> <span class='ocrx_word' id='word_1_178' title='bbox 1389 2497 1400 2529; x_wconf 92' lang='lat'>;</span> 
     </span>
     <span class='ocr_line' id='line_1_33' title="bbox 238 2546 1227 2601; baseline 0 -14"><span class='ocrx_word' id='word_1_179' title='bbox 238 2546 417 2587; x_wconf 86' lang='lat' dir='ltr'>Parasiti</span> <span class='ocrx_word' id='word_1_180' title='bbox 441 2561 659 2601; x_wconf 84' lang='lat' dir='ltr'>personam</span> <span class='ocrx_word' id='word_1_181' title='bbox 684 2547 779 2587; x_wconf 90' lang='lat' dir='ltr'>inde</span> <span class='ocrx_word' id='word_1_182' title='bbox 805 2546 985 2587; x_wconf 86' lang='lat' dir='ltr'>ablatam</span> <span class='ocrx_word' id='word_1_183' title='bbox 1011 2554 1051 2587; x_wconf 89' lang='lat' dir='ltr'>et</span> <span class='ocrx_word' id='word_1_184' title='bbox 1075 2546 1227 2587; x_wconf 86' lang='lat' dir='ltr'>militis.</span> 
     </span>
    </p>

    <p class='ocr_par' dir='ltr' id='par_1_15' title="bbox 238 2613 1262 2739">
     <span class='ocr_line' id='line_1_34' title="bbox 241 2613 1262 2669; baseline 0.001 -15"><span class='ocrx_word' id='word_1_185' title='bbox 241 2615 285 2655; x_wconf 75' lang='lat' dir='ltr'>Si</span> <span class='ocrx_word' id='word_1_186' title='bbox 310 2614 353 2654; x_wconf 83' lang='lat' dir='ltr'>id</span> <span class='ocrx_word' id='word_1_187' title='bbox 378 2616 439 2655; x_wconf 84' lang='lat' dir='ltr'>est</span> <span class='ocrx_word' id='word_1_188' title='bbox 464 2622 694 2669; x_wconf 88' lang='lat' dir='ltr'>peccatum,</span> <span class='ocrx_word' id='word_1_189' title='bbox 720 2616 935 2669; x_wconf 84' lang='lat' dir='ltr'>peccatum</span> <span class='ocrx_word' id='word_1_190' title='bbox 960 2613 1262 2668; x_wconf 85' lang='lat' dir='ltr'>inprudentiast</span> 
     </span>
     <span class='ocr_line' id='line_1_35' title="bbox 238 2681 1205 2739; baseline -0.002 -15"><span class='ocrx_word' id='word_1_191' title='bbox 238 2681 409 2731; x_wconf 71' lang='lat' dir='ltr'>Poetae,</span> <span class='ocrx_word' id='word_1_192' title='bbox 435 2696 518 2723; x_wconf 91' lang='lat' dir='ltr'>non</span> <span class='ocrx_word' id='word_1_193' title='bbox 543 2696 624 2739; x_wconf 83' lang='lat' dir='ltr'>quo</span> <span class='ocrx_word' id='word_1_194' title='bbox 650 2682 805 2723; x_wconf 78' lang='lat' dir='ltr'>furtum</span> <span class='ocrx_word' id='word_1_195' title='bbox 831 2682 967 2723; x_wconf 85' lang='lat' dir='ltr'>facere</span> <span class='ocrx_word' id='word_1_196' title='bbox 991 2681 1205 2725; x_wconf 72' lang='lat' dir='ltr'>studuerit.</span> 
     </span>
    </p>
   </div>
   <div class='ocr_carea' id='block_1_9' title="bbox 1486 1465 1529 1499">
    <p class='ocr_par' dir='ltr' id='par_1_16' title="bbox 1486 1465 1529 1499">
     <span class='ocr_line' id='line_1_36' title="bbox 1486 1465 1529 1499; baseline 0 0"><span class='ocrx_word' id='word_1_197' title='bbox 1486 1465 1529 1499; x_wconf 89' lang='lat'>10</span> 
     </span>
    </p>
   </div>
   <div class='ocr_carea' id='block_1_10' title="bbox 1484 1801 1529 1836">
    <p class='ocr_par' dir='ltr' id='par_1_17' title="bbox 1484 1801 1529 1836">
     <span class='ocr_line' id='line_1_37' title="bbox 1484 1801 1529 1836; baseline -0.022 0"><span class='ocrx_word' id='word_1_198' title='bbox 1484 1801 1529 1836; x_wconf 88' lang='lat'>15</span> 
     </span>
    </p>
   </div>
   <div class='ocr_carea' id='block_1_11' title="bbox 1481 2143 1527 2177">
    <p class='ocr_par' dir='ltr' id='par_1_18' title="bbox 1481 2143 1527 2177">
     <span class='ocr_line' id='line_1_38' title="bbox 1481 2143 1527 2177; baseline 0.022 -1"><span class='ocrx_word' id='word_1_199' title='bbox 1481 2143 1527 2177; x_wconf 78' lang='lat'>20</span> 
     </span>
    </p>
   </div>
  </div>
 </body>
</html>
