1700 2984
98 113 134 159 v.⁴
151 114 172 148 6
671 111 901 147 mommo
1349 100 1427 144 187

113 205 141 232 15
153 195 234 236 AN.
265 181 332 236 I'ta
355 193 479 235 uelim
488 209 498 242 3
524 193 599 235 sed
622 195 693 247 qui
717 193 824 234 istuc
849 191 1014 235 credam
1034 192 1091 233 ita
1115 192 1206 233 esse
1231 191 1332 233 mihi
1351 191 1432 233 dici
1454 194 1521 229 855

711 255 850 296 uelim.

153 317 232 360 Gn.
264 316 409 360 Satine
445 326 508 359 est
543 317 577 358 si
614 324 654 358 te
686 317 918 358 delibutum
954 316 1108 372 gaudio
1144 315 1300 357 reddo?
1347 316 1429 357 An.

710 368 878 420 Enicas

153 442 226 485 ΡΗ.
260 440 373 493 Quin
409 448 454 482 tu
489 440 586 482 hinc
620 441 939 496 pollicitationes
975 440 1093 481 aufer
1128 447 1168 481 et
1198 439 1311 494 quod
1346 439 1430 480 fers

712 504 826 544 cedo.
888 502 966 545 Gn.
993 501 1077 552 Oh,

262 566 329 607 Tu
349 579 514 620 quoque
535 565 694 614 aderas,
719 565 944 606 Phormio?
966 565 1044 606 PH
1060 565 1257 606 Aderam.
1291 564 1364 605 sed
1384 572 1428 605 tu

710 628 871 669 cessas?
919 626 998 669 GE.
1024 614 1198 681 Accipe,
1225 642 1308 667 em:

261 689 319 732 Vt
355 689 478 730 modo
515 690 733 744 argentum
775 690 850 730 tibi
892 689 1081 731 dedimus
1123 689 1235 744 apud
1277 689 1426 738 forum,

709 754 823 793 recta
847 752 1017 792 domum

109 828 142 852 20
267 813 417 856 Sumus
436 813 630 868 profecti3
655 813 813 855 interea
831 814 955 854 mittit
979 815 1073 855 erus
1092 828 1159 855 me
1180 813 1231 854 ad
1255 814 1427 854 uxorem
1450 816 1518 851 860

707 884 834 916 tuam.

159 939 239 981 AN.
261 937 400 990 Qua-m
424 938 478 979 ob
503 937 614 980 rem?
645 936 725 980 GE.
748 936 909 979 Omitto
934 937 1140 999 proloquig
1172 953 1267 978 nam
1293 938 1350 978 nil
1374 937 1427 979 ad

705 999 811 1041 hanc
835 1015 922 1041 rem
955 1008 1033 1049 est,
1065 987 1266 1055 Antipho.

259 1061 383 1103 Vbi
373 1078 415 1103 m
451 1076 710 1116 gynaeceum
739 1077 798 1103 1re
828 1062 1000 1117 occipio,
1037 1062 1139 1116 puer
1175 1062 1228 1102 ad
1257 1077 1324 1103 me
1353 1061 1426 1103 ad-

708 1126 834 1165 currit
857 1124 991 1173 Mida,

257 1187 372 1228 Pone
389 1186 561 1242 prendit
585 1186 723 1241 pallio,
749 1189 977 1242 resupinat:
1009 1186 1195 1241 respicio,
1219 1200 1321 1241 rogo

260 1248 398 1301 Quam
423 1249 475 1289 ob
500 1264 588 1290 rem
612 1249 787 1290 retineat
811 1264 897 1290 me:
922 1249 979 1290 ait.
1004 1264 1093 1290 esse
1118 1248 1293 1290 uetitum
1317 1248 1425 1291 intro

708 1312 760 1352 ad
786 1326 898 1352 eram
923 1311 1132 1353 accedere.

108 1387 142 1412 25
260 1373 500 1429 ‘Sophrona
525 1373 648 1415 modo
673 1374 843 1415 fratrem
869 1374 968 1415 huc’
993 1374 1128 1427 inquit
1153 1373 1280 1415 ‘se'nis
1299 1373 1425 1414 intro·
1449 1377 1516 1413 865

708 1437 825 1477 duxit
850 1436 1114 1485 Chremem'3

258 1499 453 1553 Eumque
478 1514 590 1540 nunc
613 1514 704 1540 esse
728 1500 839 1540 intus
872 1514 965 1540 cum
996 1499 1087 1539 illis.
1137 1499 1212 1540 hoc
1243 1498 1315 1540 ubi
1347 1512 1425 1554 ego

707 1561 861 1610 audiui,
885 1562 940 1602 ad
965 1562 1074 1602 fores

260 1624 472 1684 Suspenso
497 1624 631 1679 gradu
650 1624 811 1679 placide
830 1624 888 1665 ire
906 1624 1082 1679 perrexi,
1109 1624 1276 1673 accessi,
1301 1623 1425 1672 astiti,

259 1687 459 1728 Animam
491 1687 729 1741 compressi,
761 1688 901 1728 aurem
932 1687 1117 1728 admoui:
1154 1687 1211 1728 ita
1240 1687 1426 1727 animum

709 1749 826 1804 coepi
851 1750 1076 1799 attendere,

259 1813 351 1853 Hoc
386 1812 510 1853 modo
547 1813 777 1853 sermonem
814 1819 998 1866 captans.
1062 1812 1139 1852 PH.
1177 1811 1264 1861 Eu,
1305 1811 1425 1853 Geta.

711 1873 790 1915 GE.
818 1874 900 1915 Hic
926 1874 1250 1929 pulcherrimum

113 1950 145 1975 30
260 1937 440 1978 Facinus
478 1937 638 1978 audiui:
676 1939 817 1990 itaque
853 1952 984 1991 paene
1021 1937 1158 1978 hercle
1195 1937 1427 1978 exclamaui
1451 1941 1518 1975 870

708 1999 875 2054 gaudio.

165 2063 230 2103 Ar.
263 2061 410 2113 Quod?
468 2060 547 2102 GE.
586 2035 734 2113 Quodn
748 2077 844 2122 nan)
882 2062 1104 2103 arbitrare?
1151 2062 1231 2103 AN.
1264 2062 1427 2104 Nescio.

700 2122 779 2165 GE.
805 2124 939 2177 Atqui
964 2125 1331 2166 mirificissumum:

260 2186 439 2227 Patruos
482 2194 574 2227 tuos
618 2194 678 2227 est
714 2188 831 2241 pater
872 2187 1065 2228 inuentus
1106 2186 1269 2228 Phanio
1311 2189 1429 2228 uxori

710 2256 817 2290 tuae.
878 2249 958 2290 AN.
988 2248 1151 2304 [Hem,]

263 2310 377 2362 Quid
408 2311 494 2350 ais?
544 2309 624 2351 GE.
658 2310 764 2353 Cum
802 2311 889 2352 eius
921 2312 1137 2352 consueuit
1166 2311 1264 2353 olim
1299 2314 1430 2354 matre

711 2374 752 2414 in
778 2374 941 2415 Lemno
967 2375 1215 2416 clanculum.

170 2437 226 2476 Pl,
260 2434 498 2476 Somnium:
541 2435 655 2477 utine
698 2435 801 2477 haec
842 2438 1051 2490 ignoraret
1087 2438 1203 2478 suom
1244 2439 1428 2492 patrem?

713 2497 790 2539 GE.
817 2498 991 2552 Aliquid
1019 2499 1186 2549 crc'dito,

122 2572 155 2598 35
221 2566 230 2577 ·
265 2558 475 2608 Phdrmio,
512 2574 602 2601 esse
638 2561 798 2601 causae.
852 2562 924 2602 sed
958 2577 1025 2604 me
1061 2563 1213 2606 censen
1247 2563 1430 2619 potuisse
1454 2568 1521 2605 875

715 2636 852 2664 omma
