1700 2984
219 161 272 202 72
536 170 779 206 HEAVTON
806 170 1171 208 TIMORVMENOS
1405 172 1474 217 111,
1493 174 1523 208 1.
1542 172 1564 206 2

129 259 195 294 495
221 249 299 292 Cn.
336 251 431 293 Dic.
463 252 551 293 Mn.
585 252 712 304 Quod
737 252 900 293 sensisti
923 253 1014 294 illos
1039 268 1104 295 me
1128 253 1309 309 incipere
1334 252 1491 303 fallere,

332 314 384 355 Id
407 315 453 355 ut
476 321 683 355 maturent
707 313 863 356 facere:
890 315 1012 370 cupio
1035 315 1095 357 illi
1120 315 1218 357 dare

331 375 458 428 Quod
482 377 583 426 uolt,
609 376 732 431 cupio
752 376 888 431 ipsum
907 376 989 418 iam
1010 377 1166 419 uidere.
1205 377 1284 420 Cn.
1311 375 1497 433 Operam

778 439 900 480 dabo.

328 500 511 542 Paulum
534 500 677 556 negoti
700 501 757 541 mi
782 501 935 542 6bstat:
963 500 1104 543 Simus
1128 503 1167 542 et
1194 500 1310 542 Crito

330 562 469 604 Vicini
492 563 620 604 nostri
645 562 714 603 hic
735 563 955 618 ambigunt
979 564 1032 605 de
1055 563 1229 612 finibus3
1515 575 1549 601 90

127 633 194 668 500
329 625 404 666 Me
429 627 575 680 cepere
600 625 818 666 arbitrum:
844 625 913 666 ibo
939 640 987 666 ac
1011 626 1160 675 dicam,
1185 633 1231 666 ut
1255 625 1441 667 dixeram

330 685 517 742 Operam
542 687 737 728 daturum
761 702 841 736 me,
867 687 991 729 hodie
1015 702 1098 729 non
1122 702 1244 742 posse
1268 689 1326 728 eis
1351 687 1462 729 dare.

331 747 541 791 Continuo
556 749 623 791 hic
641 749 791 790 adsum.
818 749 907 790 ΜΕ.
927 749 993 791 Ita
1011 751 1178 803 quaeso,
1194 774 1247 779 -
1261 749 1302 790 di
1315 751 1497 791 uestram

777 811 915 861 fidem,

328 874 394 914 Ita
418 874 685 928 conparatam
711 888 800 914 esse
825 873 1039 914 hominum
1073 880 1265 915 naturam
1297 873 1496 923 omnium,

328 935 481 976 Aliena
506 942 549 976 ut
575 935 721 976 melius
747 936 917 977 uideant
942 943 981 977 et
1007 935 1233 977 diiudicent
1515 947 1548 974 95

125 1000 192 1035 505
329 997 468 1049 Quam
496 997 588 1038 sua!
622 1013 675 1038 an
694 1012 742 1039 eo
762 998 819 1046 fit,
846 999 944 1051 quia
961 998 1003 1038 in
1027 1013 1072 1039 re
1089 1005 1231 1039 nostra
1249 1004 1321 1038 aut
1343 997 1497 1052 gaudio

330 1059 485 1102 Sumus
510 1060 739 1115 praepediti
764 1060 891 1101 nimio
916 1068 986 1101 aut
1011 1060 1294 1116 aegritudine?

328 1122 412 1163 Hic
447 1122 547 1162 mihi
583 1137 694 1164 nunc
724 1130 879 1176 quanto
910 1122 1004 1177 plus
1039 1123 1145 1177 sapit
1176 1136 1301 1175 quam
1334 1123 1498 1177 egomet

778 1184 897 1225 mihi!

218 1247 296 1288 Cn.
333 1246 521 1288 Dissolui
546 1260 625 1295 me,
651 1246 807 1287 otiosus
832 1261 1001 1302 operam
1025 1254 1072 1288 ut
1096 1247 1170 1288 tibi
1195 1247 1349 1288 darem.

332 1309 463 1364 Syrus
489 1310 549 1350 est
575 1309 842 1363 prendendus
866 1311 992 1363 atque
1017 1309 1299 1350 adhortandus
1325 1309 1438 1351 mihi.
1515 1322 1565 1347 100

127 1375 194 1410 510
331 1373 374 1412 A
399 1373 464 1412 me
489 1371 628 1413 nescio
652 1371 745 1426 quis
770 1372 872 1412 exit:
899 1372 1080 1423 concede
1105 1371 1202 1412 hinc
1227 1372 1410 1421 domum,

330 1434 395 1476 Ne
419 1435 496 1475 nos
520 1433 628 1475 inter
650 1448 726 1475 nos
751 1435 980 1489 congruere
1005 1435 1067 1475 illi
1090 1434 1280 1475 sentiant.

633 1559 811 1600 SYRvs
883 1557 1147 1600 CHREMES

645 1630 791 1657 SERVOS
957 1630 1082 1657 SENEX

219 1684 288 1727 Sv.
326 1685 421 1725 Hac
445 1684 539 1726 illac
565 1684 859 1731 circumcursa3
888 1683 1228 1724 inueniundumst
1252 1691 1391 1725 tamen
1497 1696 1566 1727 111,2

330 1748 586 1802 Argentum:
611 1746 864 1787 intendenda
887 1747 930 1786 in
954 1754 1134 1787 senemst
1159 1746 1335 1787 fallacia.

219 1809 296 1851 Cn.
333 1809 447 1850 Num
470 1810 537 1850 me
561 1809 708 1850 fefellit
732 1808 857 1850 hosce
880 1808 922 1848 id
946 1809 1129 1850 struere?
1159 1808 1352 1850 uidelicet

127 1893 194 1927 515
331 1873 407 1914 Ille
431 1873 688 1914 ddulescentis
713 1873 855 1912 seruos
880 1871 1193 1919 tardii'isculust3

330 1935 493 1976 Idcirco
517 1934 614 1975 huic
638 1942 778 1975 nostro
803 1934 994 1974 traditast
1018 1933 1245 1988 prouincia.
1533 1946 1549 1971 5

219 1997 290 2040 Sy.
328 1997 433 2049 Quis
459 1997 525 2038 hic
549 1996 754 2050 loquitur?
786 1996 899 2051 perii.
932 1997 1032 2036 m'im
1058 2012 1155 2037 nam
1186 1996 1289 2037 haec
1314 1995 1498 2037 audiuit?

780 2057 857 2099 Cn.
892 2057 1009 2112 Syre.
1038 2058 1108 2101 SY.
1141 2059 1266 2100 Hem.

219 2120 297 2163 Cn.
336 2121 451 2174 Quid
475 2129 520 2162 tu
544 2121 662 2162 istic?
700 2120 770 2161 Sy.
804 2121 933 2162 Recte
959 2121 1169 2174 equidem3
1195 2120 1268 2162 sed
1293 2128 1332 2162 te
1357 2121 1495 2170 miror,

779 2181 994 2231 Chremes,

329 2246 435 2287 Tam
472 2248 612 2295 mane,
649 2245 721 2300 qui
757 2245 844 2286 heri
879 2247 1040 2286 tantum
1083 2245 1249 2287 biberis.
1307 2243 1384 2286 Cn.
1427 2245 1498 2287 Nil

777 2323 913 2348 mnus.

125 2380 193 2415 520
217 2371 289 2414 Sv.
327 2371 436 2412 ‘Nil'
461 2371 630 2412 narras?
660 2371 750 2411 uisa
774 2372 926 2417 ue'rost,
953 2370 1063 2423 quod
1091 2370 1171 2411 dici
1196 2370 1311 2418 solet,

328 2433 508 2487 Aquilae
545 2441 747 2474 senectus.
799 2431 876 2473 Cn.
910 2433 1030 2473 Heia.
1083 2431 1153 2473 SY.
1192 2432 1348 2473 Mulier
1385 2432 1497 2472 com·
1516 2445 1548 2469 10

776 2495 912 2542 moda,

326 2557 482 2599 Faceta
506 2557 608 2599 haec
634 2557 840 2599 meretriX.
875 2554 952 2597 Cn.
976 2555 1100 2598 Sane.
1137 2555 1206 2598 Sv.
1228 2556 1345 2597 Idem
1368 2555 1496 2596 uisast

774 2619 875 2660 tibi?

327 2682 379 2724 Et
407 2683 573 2738 quidem
595 2683 730 2725 hercle
751 2682 883 2724 fornia
903 2681 1124 2724 luculenta.
1165 2679 1242 2722 Ca.
1271 2679 1354 2729 Sic,
1381 2679 1491 2721 satis.
