1700 2984
143 205 189 252 V,

90 541 188 575 ’4ο

148 1672 181 1698 50

147 2298 179 2323 55

203 207 227 243 8
711 205 979 242 EVNVCHVS
1407 193 1485 236 147

318 287 354 329 F
356 286 518 329 acitote.
544 284 621 328 Cn.
634 287 884 329 Audiamus.
912 286 991 329 GN.
1005 286 1074 328 Tu
1093 285 1274 328 concede
1293 286 1464 341 paulum

766 350 886 400 istuc,
910 350 1085 391 Thraso.
1328 368 1335 374 ·

319 412 530 468 Principio
549 427 627 468 ego
647 427 723 454 uos
742 413 888 454 ambos
909 413 1077 455 credere
1090 412 1168 454 h6c
1180 411 1281 454 mihi
1294 427 1463 453 uemen-

765 477 827 516 ter
849 476 989 523 uelim,

317 537 392 579 Me
409 536 532 579 hujus
551 537 755 592 quidquid
773 538 880 579 faicio
899 538 941 579 id
960 538 1097 580 facere
1116 539 1310 579 maxume
1335 538 1462 578 causat
1486 536 1575 572 1070

767 616 877 650 mea3

316 663 475 706 Verum
511 661 546 703 si
580 662 691 705 idem
727 663 847 705 udbis
882 663 1064 718 prodest,
1100 663 1173 704 uds
1209 677 1293 703 non
1323 662 1460 703 facere

763 725 976 767 inscitiast.

202 788 281 829 ΡΗ.
313 785 428 840 Quid
452 787 494 828 id
520 788 606 828 est?
654 785 735 830 GN.
761 787 939 830 Militem
965 789 1044 843 ego
1063 787 1235 828 riualem
1254 786 1461 842 recipiun-

766 851 865 891 dum
891 852 1050 892 censeo.
1110 849 1187 891 ΡΗ.
1220 850 1347 898 Hem,

318 912 650 968 Recipiundum?
693 912 771 954 GN.
799 912 950 967 Cdgita
967 911 1109 953 modo:
1134 919 1179 953 tu
1204 911 1340 953 hercle
1366 927 1460 953 cum

765 975 847 1024 illa,
872 974 1095 1023 Phaedria,

314 1023 374 1079 Vt
396 1037 588 1079 lubenter
613 1037 722 1078 uiuis
742 1037 909 1089 (etenim
930 1038 1036 1078 bene
1055 1036 1246 1078 lubenter
1264 1036 1458 1089 uictitas),

315 1098 440 1152 Qudd
475 1100 548 1141 des
583 1099 813 1155 paulumst,
855 1101 896 1140 et
937 1107 1146 1141 necessest
1181 1098 1357 1139 multum
1392 1113 1460 1140 ac·
1485 1107 1573 1143 1075

763 1161 901 1217 cipere
926 1162 1144 1203 Thaidem.

313 1210 373 1264 Vt
391 1230 463 1265 tuo
483 1223 612 1264 amori
632 1224 897 1279 suppeditare
916 1223 1072 1278 pdssint
1091 1223 1178 1265 sine
1204 1223 1371 1277 sumptu
1390 1229 1460 1264 tuo

316 1271 472 1327 Omnia
508 1285 629 1334 haec,
666 1286 800 1341 magis
835 1287 1093 1341 &pportunus
1128 1286 1205 1327 nec
1240 1284 1374 1339 magis
1409 1300 1460 1326 ex

760 1348 840 1389 usu
863 1356 934 1390 tuo

312 1410 498 1452 Nemost.
559 1410 760 1466 principio
797 1412 839 1452 et
874 1410 1000 1452 habet
1034 1409 1149 1465 quod
1184 1409 1273 1459 det,
1314 1410 1354 1450 et
1390 1409 1460 1450 dat

761 1488 883 1515 nemo
907 1473 1076 1528 largius.

312 1535 469 1576 Fatuos
513 1543 594 1585 est,
641 1535 843 1585 insulsus,
890 1536 1052 1584 tardus,
1095 1534 1227 1576 stertit
1267 1534 1398 1575 noctis
1441 1535 1481 1575 e't

761 1599 867 1640 dies:

312 1660 460 1714 Neque
478 1661 604 1702 istum
624 1668 784 1703 metuas
803 1662 856 1702 ne
876 1668 985 1702 amet
1004 1659 1168 1701 mulier:
1188 1659 1309 1700 fateile
1328 1658 1458 1714 pellas
1483 1668 1571 1703 1080

762 1723 835 1764 ubi
859 1723 974 1765 uelis.

201 1784 279 1827 Cn.
313 1785 427 1837 Quid
457 1785 646 1841 agimus?
706 1785 788 1828 GN.
820 1786 1045 1828 Praeterea
1075 1785 1153 1826 hoc
1178 1785 1315 1834 etiam,
1348 1784 1457 1839 qudd

760 1864 839 1904 ego
864 1849 932 1890 uel
956 1849 1137 1904 primum
1163 1855 1277 1903 puto,

309 1898 479 1966 Accipit
509 1911 632 1952 homo
663 1913 784 1952 nemo
815 1911 963 1953 melius
999 1912 1169 1966 prdrsus
1200 1924 1334 1964 neque
1365 1925 1458 1965 pro-

758 1974 894 2015 lixius..

201 2034 278 2078 Cn.
310 2036 469 2077 Mirum
493 2035 535 2077 ni
559 2036 655 2078 illoc
680 2036 843 2078 hemme
868 2050 1036 2090 quoquo
1062 2037 1183 2090 pacto
1203 2042 1336 2090 opust.
1379 2035 1456 2076 PH.

761 2099 879 2141 Idem
905 2114 982 2154 ego
1008 2098 1194 2139 zirbitror.

200 2159 279 2203 Gn.
312 2160 443 2203 Recte
474 2161 621 2203 facitis.
670 2163 800 2203 unum
831 2162 954 2203 etiam
986 2161 1064 2202 hoc
1094 2176 1169 2202 uos
1199 2161 1284 2209 dm,
1316 2168 1359 2202 ut
1392 2176 1457 2202 me

758 2224 802 2265 in
827 2224 1012 2265 nostrum
1037 2238 1209 2278 gregem

310 2285 554 2340 Recipiatis:
582 2286 679 2328 saitis
705 2287 776 2327 diu
800 2286 879 2327 hoc
903 2287 985 2327 iam
1011 2288 1156 2326 sdxum
1182 2300 1317 2326 uorso.
1377 2286 1453 2326 PH.
1482 2291 1569 2326 1085

327 2397 334 2408 ‚
756 2348 1012 2410 Recipimus.

199 2407 275 2451 CH.
306 2411 373 2451 Ac
397 2410 600 2452 lubenter.
662 2410 743 2453 GN.
775 2412 835 2452 At
861 2425 939 2466 ego
964 2425 1038 2465 pro
1064 2411 1156 2459 isto,
1183 2410 1392 2451 Phaedria
1417 2418 1455 2453 et

758 2481 803 2514 tu
830 2472 1032 2521 Chaerea,

310 2534 436 2575 Hunc
456 2534 758 2577 comedendum
776 2535 894 2576 ucbis
916 2535 1090 2590 propino
1111 2536 1151 2576 et
1169 2534 1453 2577 deridendum.

761 2596 838 2639 Cn.
865 2597 1023 2638 Placet.

196 2659 274 2701 PH.
306 2658 474 2715 Dignus
500 2668 573 2701 est.
635 2658 714 2701 GN.
747 2659 929 2708 Thraso,
961 2660 1033 2700 1'1bi
1063 2659 1127 2700 uis
1153 2660 1316 2701 accede.
1377 2661 1454 2703 ΤΗ.

758 2707 948 2764 Obsecro
975 2730 1026 2771 te,
1053 2722 1153 2777 quid
1179 2722 1365 2776 agimus?

1189 2788 1253 2823 10*
