1700 2984
155 127 201 174 v,
217 129 249 164 8.
269 129 289 163 9
743 127 971 164 PHORMIO
1420 116 1496 158 191

335 209 474 262 Quom
510 225 532 253 e
574 209 710 251 medio
751 209 930 252 excessit
971 208 1081 250 unde
1124 207 1228 250 haec
1269 209 1502 263 susceptast

779 271 865 313 tibi.

172 344 204 371 '1⁵
223 333 301 376 ΡΗ.
333 335 426 376 Itan
452 333 574 389 agitis
599 334 786 375 mecum?
811 334 910 375 satis
936 340 1070 375 astute
1094 331 1382 387 adgredimini.

334 397 429 438 Non
454 396 591 437 hercle
616 411 667 437 ex
692 411 735 437 re
760 396 876 437 istius
900 411 966 438 me
991 394 1211 451 instigasti,
1239 394 1465 449 Demipho.

335 459 419 500 Ain
444 459 514 499 tu?
542 457 614 499 ubi
639 473 746 512 quae
770 458 947 499 lubitum
972 457 1097 499 fuerit
1119 472 1292 513 peregre
1324 456 1473 498 feceris
1524 458 1594 493 970

332 521 480 574 Neque
505 520 626 561 huius
652 521 706 561 sis
732 521 887 562 ueritus
912 520 1091 561 feminae
1115 519 1349 575 primariae,

334 583 447 635 Quin
472 582 582 624 nouo
608 582 732 623 modo
757 589 795 624 e'i
819 582 977 624 faceres
1003 582 1310 631 contumeliam,

170 656 204 682 80
334 645 490 687 Venias
515 659 626 686 nunc
650 644 843 700 precibus
869 645 1028 686 lautum
1052 645 1270 700 peccatum
1295 643 1436 685 tuom?

333 707 462 748 Hisce
487 708 565 763 ego
589 707 701 748 illam
729 706 847 748 dictis
871 708 929 748 ita
953 707 1028 747 tibi
1052 707 1263 748 incensam
1289 706 1411 755 dabo,

335 769 393 810 Vt
417 770 469 810 ne
493 769 742 825 restinguas,
767 769 962 810 lacrumis
988 770 1021 810 si
1046 769 1310 811 extillaueris.
1526 770 1593 805 975

221 830 303 872 ΒΕ.
338 830 520 886 [Malum
545 831 656 886 quod
680 831 748 872 isti
772 830 814 871 di
840 831 1025 885 deaeque
1051 846 1193 873 omnes
1219 828 1370 885 duint.]

333 894 524 935 Tantane
577 893 787 935 adfectum
841 894 1095 948 quemquam
1150 908 1240 936 esse
1292 892 1502 935 hominem

779 955 972 997 audacia!

170 1028 203 1055 85
334 1018 426 1059 Non
452 1018 530 1060 hoc
553 1017 777 1073 publicitus
802 1019 938 1079 scelus
962 1018 1058 1059 hinc
1082 1018 1329 1074 asportarier

334 1081 384 1121 In
409 1081 516 1122 solas
542 1080 690 1122 terras!
740 1079 819 1122 Cn.
844 1080 896 1121 In
920 1081 962 1121 id
989 1081 1181 1123 redactus
1210 1081 1301 1122 sum
1326 1079 1418 1128 loci,

333 1143 389 1185 Vt
420 1143 519 1197 quid
557 1158 678 1198 agam
712 1158 807 1203 cum
837 1143 907 1185 illo
938 1143 1120 1185 nesciam
1155 1158 1358 1198 prorsum.
1417 1141 1499 1183 Dm.
1525 1145 1593 1180 980

779 1205 874 1266 Ego
900 1206 1004 1247 scio:

333 1268 383 1308 In
408 1267 471 1308 ius
498 1283 652 1309 eamus.
689 1267 768 1308 Pu.
793 1268 843 1309 In
867 1268 956 1309 ius?
981 1268 1076 1318 huc,
1102 1268 1135 1309 si
1159 1268 1261 1322 quid
1284 1267 1410 1309 lubet.

222 1328 300 1371 CH.
334 1330 593 1384 Adsequere,
618 1330 759 1379 retine,
786 1330 884 1371 dum
910 1346 988 1386 ego
1013 1330 1095 1371 huc
1121 1345 1262 1371 seruos
1288 1331 1430 1371 euoco.

170 1403 203 1428 90
222 1392 302 1433 DE.
330 1392 454 1433 Enim
478 1393 641 1446 ne'queo
667 1392 798 1434 solus:
824 1393 1011 1434 adcurre.
1061 1393 1139 1433 ΡΗ.
1166 1395 1261 1435 Vna
1286 1392 1472 1433 iniuriast

332 1455 503 1496 Tecum.
570 1455 652 1496 Du.
697 1455 817 1511 Lege
859 1456 972 1512 agito
1019 1471 1130 1511 ergo.
1195 1456 1273 1497 ΡΗ.
1316 1443 1501 1497 Alterast

778 1518 928 1567 tecum,
957 1517 1173 1560 Chremes.

222 1579 300 1622 CH.
332 1580 450 1635 Rape
485 1580 607 1622 hunc.
670 1579 747 1621 ΡΗ.
787 1579 859 1621 Sic
896 1580 1042 1636 agitis?
1077 1581 1188 1622 enim
1223 1595 1323 1622 uero
1360 1582 1501 1622 uocest
1526 1583 1593 1618 985

780 1657 903 1697 opus:

331 1704 608 1754 Nausistrata,
634 1705 714 1747 exi.
766 1704 843 1746 CH.
870 1703 932 1746 Os
958 1704 1143 1760 opprime
1164 1705 1384 1760 inpurum:
1408 1704 1501 1746 uide

334 1768 550 1821 Quantum
582 1768 706 1810 ualet.
765 1768 843 1809 ΡΗ.
869 1768 1144 1817 Nausistrata,
1175 1768 1358 1821 inquam.
1419 1767 1500 1808 DE.

778 1830 872 1871 Non
897 1831 1033 1871 taces?

170 1906 204 1932 95
219 1895 298 1936 ΡΗ.
329 1893 537 1934 Taceam?
584 1893 666 1934 DE.
693 1893 783 1934 Nisi
815 1893 1014 1947 sequitur,
1046 1894 1209 1949 pugnos
1240 1892 1283 1933 in
1313 1899 1501 1933 uentrem

782 1958 937 2010 ingere.

220 2020 298 2061 ΡΗ.
328 2019 409 2062 Vel
433 2018 596 2059 oculum
623 2018 817 2074 exculpe:
845 2026 905 2059 est
929 2018 1003 2059 ubi
1027 2032 1103 2059 uos
1127 2017 1304 2059 ulciscar
1330 2017 1472 2073 probe.

245 2195 591 2236 NAvslsTRATA
664 2192 890 2234 CHREMES
960 2193 1185 2235 DEMIPHO
1253 2192 1475 2236 ΡΗοΗΜΙο

346 2272 498 2297 MVLIER
712 2270 831 2297 SENES
1057 2271 1086 2296 11
1259 2270 1472 2297 PARAsrrvs

156 2343 210 2374 v,9
222 2331 303 2372 NA.
336 2329 422 2382 Qui
453 2330 634 2371 nominat
663 2330 752 2370 me?
789 2329 898 2378 hem,
930 2330 1029 2383 quid
1059 2329 1165 2370 istuc
1196 2330 1395 2380 turbaest‚
1431 2331 1505 2372 ob·
1528 2334 1596 2370 990

785 2407 915 2441 secro,

334 2453 399 2494 Mi
429 2454 515 2494 uir?
550 2454 627 2495 ΡΗ.
661 2454 809 2502 Ehem,
842 2454 942 2507 quid
977 2469 1087 2495 nunc
1117 2454 1375 2509 obstipuisti?
1422 2455 1502 2496 NA.

785 2515 892 2568 Quis
917 2516 984 2557 hic
1009 2516 1196 2558 homost?

337 2578 431 2620 Non
456 2578 556 2619 mihi
581 2579 831 2634 respondes?
879 2579 957 2619 ΡΗ.
986 2579 1137 2621 Hicine
1162 2586 1207 2620 ut
1237 2579 1311 2621 tibi
1334 2582 1502 2637 respon-

785 2641 890 2690 deat,
1411 2638 1415 2641 ³
