1726 2984
161 179 211 226 11,
228 181 260 216 6.
285 180 353 226 111,
372 181 391 216 1
763 178 959 214 ANDRJA
1447 168 1501 211 27

230 261 291 305 SI.
337 260 500 303 Laude).
536 260 619 301 DA.
645 260 761 301 Dum
780 260 978 302 licitumst
1002 262 1040 301 όϊ
1064 260 1247 314 dumque
1266 261 1379 301 aetas
1398 260 1503 308 tulit,

340 323 532 372 Amauit3
558 331 646 364 tum
665 323 707 363 id
725 323 849 364 clam:
877 323 999 373 cauit,
1017 338 1070 364 ne
1089 336 1288 376 umquam
1307 322 1503 364 infamiae

340 385 406 426 Ea
429 386 494 426 res
519 385 597 426 sibi
622 392 742 434 esset,
766 386 812 425 ut
836 385 972 426 uirum
996 385 1145 426 fortem
1169 385 1300 426 decet.
1528 387 1594 422 445

178 459 211 486 15
338 447 380 488 N
382 462 462 488 unc
486 448 614 488 uxore
633 461 736 502 opus
757 455 835 489 est:
861 448 1044 488 {inimum
1064 447 1117 488 ad
1136 462 1308 488 uxorem
1331 446 1503 502 adpulit.

229 509 288 552 Sl.
338 509 557 551 Subtristis
581 510 696 550 uisus
721 511 784 551 est
808 525 897 551 esse
923 510 1180 564 aliquantum
1204 509 1318 550 mihi.

229 572 313 613 DA.
344 572 413 612 Nil
438 574 606 626 prepter
624 572 732 613 hanc
755 587 855 621 rem,
882 573 954 613 sed
974 580 1035 613 est
1054 573 1167 626 quod
1186 573 1398 613 suscenset
1416 571 1503 612 tibi.

229 633 289 676 SI.
338 634 452 686 Quid
476 635 636 675 nzimst?
668 634 748 686 DA.
774 634 993 676 Puerilest.
1027 634 1085 677 S1.
1112 634 1225 686 Quid
1244 637 1289 675 id
1307 634 1392 675 est?
1421 633 1505 674 DA.

786 696 869 738 Nil.
909 696 968 738 SI.
1001 696 1115 749 Quin
1141 697 1220 746 die,
1245 696 1345 750 quid
1370 696 1456 738 est?

228 758 312 799 DA.
343 758 419 800 Ait
449 759 622 799 nimium
657 773 780 814 parce
817 759 953 800 fecere
985 768 1208 814 sumptum.
1258 758 1316 801 S1.
1353 758 1506 800 Mene?
1530 760 1598 795 450

787 820 870 863 DA.
903 821 977 862 Te.

178 895 210 919 20
342 883 463 925 ‘Vix’
488 884 621 936 inquit
647 883 900 925 ‘drachumis
926 885 988 924 est
1013 884 1261 925 obsonatum
1286 883 1450 925 decem:

341 945 436 986 Non
461 945 548 986 fflio
573 945 739 986 uidetur
764 947 935 987 uxorem
961 946 1072 987 dare.

342 1006 499 1059 Quem'
524 1008 656 1062 inquit
682 1008 860 1049 ‘uocabo
892 1009 945 1049 ad
969 1010 1114 1049 cenam
1138 1023 1325 1050 meorum
1357 1009 1509 1061 aequit-

788 1070 903 1119 lium,

340 1132 625 1173 Potissumum
650 1132 802 1173 nunc?'
833 1134 886 1181 et,
912 1133 1024 1186 quod
1048 1133 1269 1174 dicendum
1295 1132 1361 1173 hic
1386 1132 1476 1180 siet,

341 1193 408 1234 Tu
422 1195 587 1247 qudque
602 1209 813 1249 perparce,
830 1195 1022 1236 nimium:
1042 1210 1124 1236 non
1143 1195 1281 1236 lauds').
1309 1194 1368 1236 SI.
1383 1194 1508 1235 Tace.
1534 1201 1601 1236 455

179 1267 212 1292 25
231 1255 314 1296 DA.
348 1254 583 1297 Commcui.
628 1255 687 1298 S1.
720 1256 815 1311 Ego
840 1257 967 1298 istaec
992 1259 1101 1298 recte
1127 1265 1173 1298 ut
1196 1257 1297 1298 fiant
1321 1256 1477 1297 uidero.

343 1317 457 1370 Quid
493 1334 589 1359 nam
622 1318 700 1360 hec
732 1328 790 1360 est
822 1319 906 1360 rei?
942 1320 1042 1373 quid
1079 1319 1145 1361 hic
1180 1320 1267 1360 uolt
1303 1320 1511 1361 ueteratcr

792 1382 894 1422 sibi?

343 1443 452 1483 Nam
477 1443 510 1484 si
535 1443 601 1484 hic
625 1444 763 1485 malist
789 1443 1025 1498 quicquam,
1051 1446 1116 1485 em
1142 1444 1225 1485 illic
1250 1452 1311 1486 est
1337 1443 1433 1485 huic
1451 1445 1511 1485 rei

790 1515 927 1562 caput.

232 1630 410 1670 Mrsrs
458 1629 594 1671 S1M0
641 1630 835 1672 DAvos
882 1631 1095 1672 LEsmA
1143 1631 1511 1683 (GLYcssmvm)

236 1701 407 1727 ANclLLA
465 1702 590 1728 SENEX
665 1702 811 1729 SERVOS
881 1703 1097 1729 OBSTETRLX
1262 1703 1381 1730 visco

163 1754 328 1797 111‚1MY.
344 1755 408 1794 Ita
432 1754 502 1808 psal
526 1754 694 1808 quidem
719 1771 784 1796 res
810 1763 883 1804 est,
909 1757 953 1796 ut
979 1756 1130 1804 dixisti,
1156 1756 1331 1797 Lesbia:

342 1816 379 1856 F
381 1816 530 1877 ide'lem
556 1817 667 1857 haud
692 1818 821 1859 ferme
846 1818 1008 1859 mulieri
1033 1819 1221 1859 inueni-sis
1246 1818 1395 1860 uirum.
1535 1828 1603 1864 460

233 1878 289 1920 S1.
338 1878 409 1919 Ab
429 1879 630 1920 Andriast
656 1880 805 1921 ancilla
830 1880 957 1921 haec?
1003 1881 1080 1921 DA.
1109 1881 1225 1933 Quid
1250 1881 1417 1922 narre'ts‘?
1453 1881 1509 1922 SI.

793 1942 909 1983 Itast.

231 2003 319 2044 MY.
347 2001 433 2045 Sed
458 2002 523 2044 hic
547 2003 793 2058 Pamphilus
826 2003 884 2046 SI.
918 2003 1033 2056 Quid
1058 2005 1180 2046 dicit?
1216 2005 1304 2046 MY.
1331 2006 1512 2046 firmauit

792 2066 928 2108 fidem.
980 2066 1038 2109 SI.
1072 2068 1194 2108 Hem.

198 2139 214 2165 5
233 2127 315 2168 DA.
348 2127 518 2168 Vtinam
544 2129 614 2168 aut
640 2127 706 2169 hic
731 2129 880 2169 surdus
906 2130 976 2169 aut
1001 2129 1103 2171 haec
1127 2138 1242 2171 muta
1267 2130 1377 2171 fricta
1401 2129 1470 2171 sit!

232 2189 319 2231 MY.
346 2190 454 2230 Nam
475 2190 586 2243 qued
611 2191 851 2245 peperisset,
877 2191 995 2232 iussit
1019 2192 1117 2232 tolli.
1163 2191 1220 2234 S1.
1249 2191 1288 2233 O
1310 2193 1509 2247 Iuppiter,

345 2251 460 2304 Quid
497 2267 574 2307 ego
612 2253 760 2293 audio?
802 2262 994 2302 actumst,
1032 2254 1236 2307 siquidem
1273 2255 1374 2296 haec
1412 2271 1511 2296 uera
1535 2267 1601 2301 465

789 2315 1011 2369 praedicat.

234 2375 310 2415 LE.
342 2375 509 2416 Bonum
533 2376 746 2431 inge'nium
772 2393 913 2418 narras
932 2378 1219 2419 adulescentis.
1256 2379 1345 2420 MY.
1373 2366 1511 2434 Optu-

791 2455 918 2481 mum.

346 2499 431 2541 Sed
461 2502 632 2554 se'quere
664 2517 729 2543 me
759 2502 878 2550 intro,
914 2517 965 2544 ne
1000 2504 1043 2542 1'11
1080 2517 1195 2543 mora
1225 2503 1282 2543 illi
1314 2505 1380 2545 sis.
1430 2504 1507 2544 Lu.

793 2564 966 2618 Sequor.
992 2589 1048 2594 —

182 2637 213 2663 10
233 2624 314 2665 DA.
348 2624 473 2679 Quod
504 2625 730 2667 remedium
762 2642 871 2667 nunc
902 2627 997 2667 huic
1025 2628 1131 2668 malo
1162 2627 1397 2671 inueniam?
1447 2628 1507 2674 Sr.

792 2687 906 2744 Quid
932 2689 1034 2733 hoe?
