<?xml version="1.0" encoding="UTF-8"?>
<!DOCTYPE html PUBLIC "-//W3C//DTD XHTML 1.0 Transitional//EN"
    "http://www.w3.org/TR/xhtml1/DTD/xhtml1-transitional.dtd">
<html xmlns="http://www.w3.org/1999/xhtml" xml:lang="en" lang="en">
 <head>
  <title>
</title>
<meta http-equiv="Content-Type" content="text/html;charset=utf-8" />
  <meta name='ocr-system' content='tesseract 3.04.00' />
  <meta name='ocr-capabilities' content='ocr_page ocr_carea ocr_par ocr_line ocrx_word'/>
</head>
<body>
  <div class='ocr_page' id='page_1' title='image "./pterentiafricomo00tereuoft/pterentiafricomo00tereuoft_0300.png"; bbox 0 0 1700 2984; ppageno 0'>
   <div class='ocr_carea' id='block_1_1' title="bbox 257 167 339 236">
    <p class='ocr_par' dir='ltr' id='par_1_1' title="bbox 257 167 339 236">
     <span class='ocr_line' id='line_1_1' title="bbox 257 167 339 236; baseline -0.024 -24"><span class='ocrx_word' id='word_1_1' title='bbox 257 167 339 236; x_wconf 77' lang='lat'>252</span> 
     </span>
    </p>
   </div>
   <div class='ocr_carea' id='block_1_2' title="bbox 257 446 330 489">
    <p class='ocr_par' dir='ltr' id='par_1_2' title="bbox 257 446 330 489">
     <span class='ocr_line' id='line_1_2' title="bbox 257 446 330 489; baseline -0.027 0"><span class='ocrx_word' id='word_1_2' title='bbox 257 446 330 489; x_wconf 90' lang='lat' dir='ltr'>So.</span> 
     </span>
    </p>
   </div>
   <div class='ocr_carea' id='block_1_3' title="bbox 163 578 232 616">
    <p class='ocr_par' dir='ltr' id='par_1_3' title="bbox 163 578 232 616">
     <span class='ocr_line' id='line_1_3' title="bbox 163 578 232 616; baseline -0.029 0"><span class='ocrx_word' id='word_1_3' title='bbox 163 578 232 616; x_wconf 80' lang='lat'>345</span> 
     </span>
    </p>
   </div>
   <div class='ocr_carea' id='block_1_4' title="bbox 162 1202 231 1238">
    <p class='ocr_par' dir='ltr' id='par_1_4' title="bbox 162 1202 231 1238">
     <span class='ocr_line' id='line_1_4' title="bbox 162 1202 231 1238; baseline 0.014 -1"><span class='ocrx_word' id='word_1_4' title='bbox 162 1202 231 1238; x_wconf 85' lang='lat'>350</span> 
     </span>
    </p>
   </div>
   <div class='ocr_carea' id='block_1_5' title="bbox 256 1568 337 1611">
    <p class='ocr_par' dir='ltr' id='par_1_5' title="bbox 256 1568 337 1611">
     <span class='ocr_line' id='line_1_5' title="bbox 256 1568 337 1611; baseline -0.012 0"><span class='ocrx_word' id='word_1_5' title='bbox 256 1568 337 1611; x_wconf 74' lang='lat' dir='ltr'>GE.</span> 
     </span>
    </p>
   </div>
   <div class='ocr_carea' id='block_1_6' title="bbox 135 2063 338 2111">
    <p class='ocr_par' dir='ltr' id='par_1_6' title="bbox 135 2063 338 2111">
     <span class='ocr_line' id='line_1_6' title="bbox 135 2063 338 2111; baseline 0.015 -3"><span class='ocrx_word' id='word_1_6' title='bbox 135 2063 139 2066; x_wconf 79' lang='grc'><strong>“</strong></span> <span class='ocrx_word' id='word_1_7' title='bbox 165 2074 232 2109; x_wconf 88' lang='lat'>355</span> <span class='ocrx_word' id='word_1_8' title='bbox 255 2069 338 2111; x_wconf 67' lang='lat' dir='ltr'>DE.</span> 
     </span>
    </p>
   </div>
   <div class='ocr_carea' id='block_1_7' title="bbox 165 2512 232 2546">
    <p class='ocr_par' dir='ltr' id='par_1_7' title="bbox 165 2512 232 2546">
     <span class='ocr_line' id='line_1_7' title="bbox 165 2512 232 2546; baseline 0.015 -1"><span class='ocrx_word' id='word_1_9' title='bbox 165 2512 232 2546; x_wconf 80' lang='lat'>300</span> 
     </span>
    </p>
   </div>
   <div class='ocr_carea' id='block_1_8' title="bbox 763 176 1608 223">
    <p class='ocr_par' dir='ltr' id='par_1_8' title="bbox 763 176 1608 223">
     <span class='ocr_line' id='line_1_8' title="bbox 763 176 1608 223; baseline 0.001 -10"><span class='ocrx_word' id='word_1_10' title='bbox 763 176 1040 214; x_wconf 85' lang='lat' dir='ltr'><strong>ADELPHOE</strong></span> <span class='ocrx_word' id='word_1_11' title='bbox 1445 177 1515 223; x_wconf 91' lang='lat'>111,</span> <span class='ocrx_word' id='word_1_12' title='bbox 1533 178 1566 213; x_wconf 84' lang='lat'>2.</span> <span class='ocrx_word' id='word_1_13' title='bbox 1585 176 1608 214; x_wconf 83' lang='lat'><strong>3</strong></span> 
     </span>
    </p>
   </div>
   <div class='ocr_carea' id='block_1_9' title="bbox 365 257 1592 1798">
    <p class='ocr_par' dir='ltr' id='par_1_9' title="bbox 368 257 1591 439">
     <span class='ocr_line' id='line_1_9' title="bbox 368 257 1591 313; baseline -0.001 -12"><span class='ocrx_word' id='word_1_14' title='bbox 368 259 466 301; x_wconf 90' lang='lat' dir='ltr'>Non</span> <span class='ocrx_word' id='word_1_15' title='bbox 501 259 665 301; x_wconf 65' lang='lat' dir='ltr'>seciam.</span> <span class='ocrx_word' id='word_1_16' title='bbox 737 257 819 302; x_wconf 69' lang='lat' dir='ltr'>Gn.</span> <span class='ocrx_word' id='word_1_17' title='bbox 858 257 973 310; x_wconf 76' lang='lat' dir='ltr'>Quid</span> <span class='ocrx_word' id='word_1_18' title='bbox 1010 259 1135 313; x_wconf 85' lang='lat' dir='ltr'>ages?</span> <span class='ocrx_word' id='word_1_19' title='bbox 1199 257 1272 302; x_wconf 91' lang='lat' dir='ltr'>So.</span> <span class='ocrx_word' id='word_1_20' title='bbox 1307 259 1591 301; x_wconf 77' lang='lat' dir='ltr'>Preferam.45</span> 
     </span>
     <span class='ocr_line' id='line_1_10' title="bbox 819 319 1540 372; baseline 0.001 -11"><span class='ocrx_word' id='word_1_21' title='bbox 819 319 898 362; x_wconf 74' lang='lat' dir='ltr'>CA.</span> <span class='ocrx_word' id='word_1_22' title='bbox 936 322 1062 371; x_wconf 85' lang='lat' dir='ltr'><strong>Hem,</strong></span> <span class='ocrx_word' id='word_1_23' title='bbox 1092 336 1186 363; x_wconf 91' lang='lat' dir='ltr'>mea</span> <span class='ocrx_word' id='word_1_24' title='bbox 1211 321 1412 372; x_wconf 60' lang='lat' dir='ltr'>Sestrata„</span> <span class='ocrx_word' id='word_1_25' title='bbox 1442 321 1540 363; x_wconf 90' lang='lat' dir='ltr'>uide</span> 
     </span>
     <span class='ocr_line' id='line_1_11' title="bbox 819 385 1235 439; baseline 0.002 -15"><span class='ocrx_word' id='word_1_26' title='bbox 819 385 946 438; x_wconf 66' lang='lat' dir='ltr'>quem</span> <span class='ocrx_word' id='word_1_27' title='bbox 970 398 1058 425; x_wconf 91' lang='lat' dir='ltr'>rem</span> <span class='ocrx_word' id='word_1_28' title='bbox 1083 399 1197 439; x_wconf 85' lang='lat' dir='ltr'>agas.</span> <span class='ocrx_word' id='word_1_29' title='bbox 1233 408 1235 410; x_wconf 96' lang='lat'>·</span> 
     </span>
    </p>

    <p class='ocr_par' dir='ltr' id='par_1_10' title="bbox 367 445 1540 549">
     <span class='ocr_line' id='line_1_12' title="bbox 367 445 1540 500; baseline 0 -13"><span class='ocrx_word' id='word_1_30' title='bbox 367 445 516 488; x_wconf 79' lang='lat' dir='ltr'>Peiere</span> <span class='ocrx_word' id='word_1_31' title='bbox 545 460 612 487; x_wconf 86' lang='lat' dir='ltr'>res</span> <span class='ocrx_word' id='word_1_32' title='bbox 642 445 732 487; x_wconf 80' lang='lat' dir='ltr'>loce</span> <span class='ocrx_word' id='word_1_33' title='bbox 763 459 847 487; x_wconf 90' lang='lat' dir='ltr'>non</span> <span class='ocrx_word' id='word_1_34' title='bbox 878 445 985 500; x_wconf 85' lang='lat' dir='ltr'>potis</span> <span class='ocrx_word' id='word_1_35' title='bbox 1016 454 1077 487; x_wconf 90' lang='lat' dir='ltr'>est</span> <span class='ocrx_word' id='word_1_36' title='bbox 1107 448 1198 488; x_wconf 83' lang='lat' dir='ltr'>esse</span> <span class='ocrx_word' id='word_1_37' title='bbox 1227 460 1354 500; x_wconf 84' lang='lat' dir='ltr'>quam</span> <span class='ocrx_word' id='word_1_38' title='bbox 1382 446 1426 487; x_wconf 89' lang='lat' dir='ltr'>in</span> <span class='ocrx_word' id='word_1_39' title='bbox 1457 460 1540 500; x_wconf 90' lang='lat' dir='ltr'>quo</span> 
     </span>
     <span class='ocr_line' id='line_1_13' title="bbox 820 507 1085 549; baseline 0 -1"><span class='ocrx_word' id='word_1_40' title='bbox 820 508 930 548; x_wconf 86' lang='lat' dir='ltr'>m&#39;mc</span> <span class='ocrx_word' id='word_1_41' title='bbox 956 507 1085 549; x_wconf 83' lang='lat' dir='ltr'>sitast.</span> 
     </span>
    </p>

    <p class='ocr_par' dir='ltr' id='par_1_11' title="bbox 369 569 1540 681">
     <span class='ocr_line' id='line_1_14' title="bbox 369 569 1540 624; baseline 0 -13"><span class='ocrx_word' id='word_1_42' title='bbox 369 570 560 612; x_wconf 88' lang='lat' dir='ltr'>Primum</span> <span class='ocrx_word' id='word_1_43' title='bbox 585 569 830 619; x_wconf 81' lang='lat' dir='ltr'>indotatast3</span> <span class='ocrx_word' id='word_1_44' title='bbox 855 570 944 611; x_wconf 77' lang='lat' dir='ltr'>tum</span> <span class='ocrx_word' id='word_1_45' title='bbox 968 578 1196 624; x_wconf 82' lang='lat' dir='ltr'>praeterea,</span> <span class='ocrx_word' id='word_1_46' title='bbox 1223 571 1332 624; x_wconf 85' lang='lat' dir='ltr'>quae</span> <span class='ocrx_word' id='word_1_47' title='bbox 1357 569 1540 611; x_wconf 85' lang='lat' dir='ltr'>secunda</span> 
     </span>
     <span class='ocr_line' id='line_1_15' title="bbox 821 631 1083 681; baseline 0 -9"><span class='ocrx_word' id='word_1_48' title='bbox 821 632 858 673; x_wconf 90' lang='lat' dir='ltr'>ei</span> <span class='ocrx_word' id='word_1_49' title='bbox 883 631 957 672; x_wconf 74' lang='lat' dir='ltr'>des</span> <span class='ocrx_word' id='word_1_50' title='bbox 983 640 1083 681; x_wconf 84' lang='lat' dir='ltr'>erat,</span> 
     </span>
    </p>

    <p class='ocr_par' dir='ltr' id='par_1_12' title="bbox 365 693 1540 798">
     <span class='ocr_line' id='line_1_16' title="bbox 365 693 1540 749; baseline -0.002 -13"><span class='ocrx_word' id='word_1_51' title='bbox 365 693 515 737; x_wconf 85' lang='lat' dir='ltr'>Periit:</span> <span class='ocrx_word' id='word_1_52' title='bbox 548 708 624 749; x_wconf 91' lang='lat' dir='ltr'>pro</span> <span class='ocrx_word' id='word_1_53' title='bbox 648 693 812 749; x_wconf 83' lang='lat' dir='ltr'>uirgine</span> <span class='ocrx_word' id='word_1_54' title='bbox 837 693 926 735; x_wconf 84' lang='lat' dir='ltr'>dari</span> <span class='ocrx_word' id='word_1_55' title='bbox 951 702 1128 749; x_wconf 89' lang='lat' dir='ltr'>nuptum</span> <span class='ocrx_word' id='word_1_56' title='bbox 1152 695 1235 735; x_wconf 80' lang='lat' dir='ltr'>nen</span> <span class='ocrx_word' id='word_1_57' title='bbox 1259 700 1408 749; x_wconf 86' lang='lat' dir='ltr'>potest.</span> <span class='ocrx_word' id='word_1_58' title='bbox 1462 693 1540 734; x_wconf 89' lang='lat' dir='ltr'>hoc</span> 
     </span>
     <span class='ocr_line' id='line_1_17' title="bbox 818 756 1077 798; baseline -0.008 0"><span class='ocrx_word' id='word_1_59' title='bbox 818 756 1077 798; x_wconf 83' lang='lat' dir='ltr'>relicuomst:</span> 
     </span>
    </p>

    <p class='ocr_par' dir='ltr' id='par_1_13' title="bbox 368 818 1540 924">
     <span class='ocr_line' id='line_1_18' title="bbox 368 818 1540 872; baseline -0.003 -10"><span class='ocrx_word' id='word_1_60' title='bbox 368 819 416 862; x_wconf 89' lang='lat' dir='ltr'>Si</span> <span class='ocrx_word' id='word_1_61' title='bbox 450 818 606 861; x_wconf 83' lang='lat' dir='ltr'>infitias</span> <span class='ocrx_word' id='word_1_62' title='bbox 643 819 732 869; x_wconf 85' lang='lat' dir='ltr'>ibit,</span> <span class='ocrx_word' id='word_1_63' title='bbox 769 819 884 861; x_wconf 82' lang='lat' dir='ltr'>testis</span> <span class='ocrx_word' id='word_1_64' title='bbox 920 833 1084 861; x_wconf 89' lang='lat' dir='ltr'>mecum</span> <span class='ocrx_word' id='word_1_65' title='bbox 1122 826 1183 860; x_wconf 85' lang='lat' dir='ltr'>est</span> <span class='ocrx_word' id='word_1_66' title='bbox 1224 819 1374 860; x_wconf 59' lang='lat' dir='ltr'>anulus</span> <span class='ocrx_word' id='word_1_67' title='bbox 1415 832 1540 872; x_wconf 88' lang='lat' dir='ltr'>quem</span> 
     </span>
     <span class='ocr_line' id='line_1_19' title="bbox 819 883 1025 924; baseline 0 -2"><span class='ocrx_word' id='word_1_68' title='bbox 819 883 1025 924; x_wconf 84' lang='lat' dir='ltr'>amiserat.</span> 
     </span>
    </p>

    <p class='ocr_par' dir='ltr' id='par_1_14' title="bbox 367 943 1592 1061">
     <span class='ocr_line' id='line_1_20' title="bbox 367 943 1592 998; baseline -0.003 -13"><span class='ocrx_word' id='word_1_69' title='bbox 367 943 587 986; x_wconf 85' lang='lat' dir='ltr'>Postremo</span> <span class='ocrx_word' id='word_1_70' title='bbox 625 944 793 998; x_wconf 87' lang='lat' dir='ltr'>quando</span> <span class='ocrx_word' id='word_1_71' title='bbox 830 959 908 998; x_wconf 81' lang='lat' dir='ltr'>ego</span> <span class='ocrx_word' id='word_1_72' title='bbox 946 944 1110 985; x_wconf 74' lang='lat' dir='ltr'>censcia</span> <span class='ocrx_word' id='word_1_73' title='bbox 1147 943 1247 984; x_wconf 88' lang='lat' dir='ltr'>mihi</span> <span class='ocrx_word' id='word_1_74' title='bbox 1284 958 1377 984; x_wconf 88' lang='lat' dir='ltr'>sum</span> <span class='ocrx_word' id='word_1_75' title='bbox 1412 944 1438 984; x_wconf 70' lang='lat' dir='ltr'>e.</span> <span class='ocrx_word' id='word_1_76' title='bbox 1474 957 1540 984; x_wconf 89' lang='lat' dir='ltr'>me</span> <span class='ocrx_word' id='word_1_77' title='bbox 1558 954 1592 980; x_wconf 81' lang='lat'>50</span> 
     </span>
     <span class='ocr_line' id='line_1_21' title="bbox 820 1005 1404 1061; baseline -0.002 -14"><span class='ocrx_word' id='word_1_78' title='bbox 820 1006 986 1061; x_wconf 86' lang='lat' dir='ltr'>culpam</span> <span class='ocrx_word' id='word_1_79' title='bbox 1012 1021 1102 1048; x_wconf 87' lang='lat' dir='ltr'>esse</span> <span class='ocrx_word' id='word_1_80' title='bbox 1128 1006 1235 1047; x_wconf 66' lang='lat' dir='ltr'>hzinc</span> <span class='ocrx_word' id='word_1_81' title='bbox 1259 1005 1404 1061; x_wconf 89' lang='lat' dir='ltr'>procul</span> 
     </span>
    </p>

    <p class='ocr_par' dir='ltr' id='par_1_15' title="bbox 367 1068 1541 1185">
     <span class='ocr_line' id='line_1_22' title="bbox 367 1068 1541 1124; baseline -0.002 -14"><span class='ocrx_word' id='word_1_82' title='bbox 367 1068 518 1123; x_wconf 86' lang='lat' dir='ltr'>Neque</span> <span class='ocrx_word' id='word_1_83' title='bbox 543 1069 722 1124; x_wconf 86' lang='lat' dir='ltr'>pretium</span> <span class='ocrx_word' id='word_1_84' title='bbox 747 1083 882 1123; x_wconf 90' lang='lat' dir='ltr'>neque</span> <span class='ocrx_word' id='word_1_85' title='bbox 907 1084 996 1110; x_wconf 90' lang='lat' dir='ltr'>rem</span> <span class='ocrx_word' id='word_1_86' title='bbox 1015 1069 1142 1109; x_wconf 82' lang='lat' dir='ltr'>ullam</span> <span class='ocrx_word' id='word_1_87' title='bbox 1166 1068 1447 1110; x_wconf 79' lang='lat' dir='ltr'>intercessisse</span> <span class='ocrx_word' id='word_1_88' title='bbox 1471 1068 1541 1108; x_wconf 79' lang='lat' dir='ltr'>illa</span> 
     </span>
     <span class='ocr_line' id='line_1_23' title="bbox 819 1129 1387 1185; baseline -0.002 -13"><span class='ocrx_word' id='word_1_89' title='bbox 819 1139 891 1172; x_wconf 80' lang='lat' dir='ltr'>aut</span> <span class='ocrx_word' id='word_1_90' title='bbox 915 1146 981 1173; x_wconf 88' lang='lat' dir='ltr'>me</span> <span class='ocrx_word' id='word_1_91' title='bbox 1006 1131 1234 1185; x_wconf 54' lang='lat' dir='ltr'>indignam,</span> <span class='ocrx_word' id='word_1_92' title='bbox 1262 1129 1387 1180; x_wconf 84' lang='lat' dir='ltr'>Geta,</span> 
     </span>
    </p>

    <p class='ocr_par' dir='ltr' id='par_1_16' title="bbox 367 1192 1539 1310">
     <span class='ocr_line' id='line_1_24' title="bbox 367 1192 1539 1249; baseline -0.001 -15"><span class='ocrx_word' id='word_1_93' title='bbox 367 1193 585 1249; x_wconf 85' lang='lat' dir='ltr'>Experiar.</span> <span class='ocrx_word' id='word_1_94' title='bbox 637 1192 718 1236; x_wconf 70' lang='lat' dir='ltr'>Gn.</span> <span class='ocrx_word' id='word_1_95' title='bbox 757 1193 872 1246; x_wconf 85' lang='lat' dir='ltr'>Quid</span> <span class='ocrx_word' id='word_1_96' title='bbox 896 1193 1014 1235; x_wconf 85' lang='lat' dir='ltr'>istic?</span> <span class='ocrx_word' id='word_1_97' title='bbox 1040 1193 1157 1242; x_wconf 88' lang='lat' dir='ltr'>cedo,</span> <span class='ocrx_word' id='word_1_98' title='bbox 1182 1201 1227 1234; x_wconf 88' lang='lat' dir='ltr'>ut</span> <span class='ocrx_word' id='word_1_99' title='bbox 1253 1193 1399 1234; x_wconf 83' lang='lat' dir='ltr'>melius</span> <span class='ocrx_word' id='word_1_100' title='bbox 1425 1192 1539 1234; x_wconf 85' lang='lat' dir='ltr'>dicis.</span> 
     </span>
     <span class='ocr_line' id='line_1_25' title="bbox 822 1255 1383 1310; baseline -0.002 -13"><span class='ocrx_word' id='word_1_101' title='bbox 822 1255 893 1298; x_wconf 85' lang='lat' dir='ltr'>So.</span> <span class='ocrx_word' id='word_1_102' title='bbox 926 1256 994 1297; x_wconf 89' lang='lat' dir='ltr'>Tu</span> <span class='ocrx_word' id='word_1_103' title='bbox 1019 1256 1223 1310; x_wconf 64' lang='lat' dir='ltr'>quantfim</span> <span class='ocrx_word' id='word_1_104' title='bbox 1247 1263 1383 1310; x_wconf 75' lang='lat' dir='ltr'>potest</span> 
     </span>
    </p>

    <p class='ocr_par' dir='ltr' id='par_1_17' title="bbox 367 1317 1539 1430">
     <span class='ocr_line' id='line_1_26' title="bbox 367 1317 1539 1374; baseline -0.002 -14"><span class='ocrx_word' id='word_1_105' title='bbox 367 1318 454 1360; x_wconf 90' lang='lat' dir='ltr'>Abi</span> <span class='ocrx_word' id='word_1_106' title='bbox 491 1326 615 1372; x_wconf 87' lang='lat' dir='ltr'>atque</span> <span class='ocrx_word' id='word_1_107' title='bbox 652 1318 837 1374; x_wconf 83' lang='lat' dir='ltr'>Hegioni</span> <span class='ocrx_word' id='word_1_108' title='bbox 875 1320 1053 1373; x_wconf 78' lang='lat' dir='ltr'>cegnato</span> <span class='ocrx_word' id='word_1_109' title='bbox 1096 1317 1185 1360; x_wconf 86' lang='lat' dir='ltr'>eius</span> <span class='ocrx_word' id='word_1_110' title='bbox 1226 1332 1313 1359; x_wconf 89' lang='lat' dir='ltr'>rem</span> <span class='ocrx_word' id='word_1_111' title='bbox 1349 1319 1539 1358; x_wconf 85' lang='lat' dir='ltr'>enarrato</span> 
     </span>
     <span class='ocr_line' id='line_1_27' title="bbox 821 1381 1174 1430; baseline 0 -8"><span class='ocrx_word' id='word_1_112' title='bbox 821 1395 987 1422; x_wconf 88' lang='lat' dir='ltr'>omnem</span> <span class='ocrx_word' id='word_1_113' title='bbox 1012 1381 1174 1430; x_wconf 79' lang='lat' dir='ltr'>erdine3</span> 
     </span>
    </p>

    <p class='ocr_par' dir='ltr' id='par_1_18' title="bbox 366 1442 1540 1547">
     <span class='ocr_line' id='line_1_28' title="bbox 366 1442 1540 1485; baseline -0.001 -1"><span class='ocrx_word' id='word_1_114' title='bbox 366 1443 477 1485; x_wconf 90' lang='lat' dir='ltr'>Nam</span> <span class='ocrx_word' id='word_1_115' title='bbox 507 1443 541 1484; x_wconf 86' lang='lat' dir='ltr'>is</span> <span class='ocrx_word' id='word_1_116' title='bbox 572 1444 711 1484; x_wconf 77' lang='lat' dir='ltr'>nestro</span> <span class='ocrx_word' id='word_1_117' title='bbox 739 1443 900 1484; x_wconf 81' lang='lat' dir='ltr'>Simule</span> <span class='ocrx_word' id='word_1_118' title='bbox 931 1443 1009 1485; x_wconf 83' lang='lat' dir='ltr'>fuit</span> <span class='ocrx_word' id='word_1_119' title='bbox 1036 1458 1222 1484; x_wconf 91' lang='lat' dir='ltr'>summus</span> <span class='ocrx_word' id='word_1_120' title='bbox 1249 1444 1289 1484; x_wconf 83' lang='lat' dir='ltr'>et</span> <span class='ocrx_word' id='word_1_121' title='bbox 1313 1457 1388 1483; x_wconf 88' lang='lat' dir='ltr'>nos</span> <span class='ocrx_word' id='word_1_122' title='bbox 1414 1442 1540 1484; x_wconf 86' lang='lat' dir='ltr'>coluit</span> 
     </span>
     <span class='ocr_line' id='line_1_29' title="bbox 819 1508 1027 1547; baseline 0 0"><span class='ocrx_word' id='word_1_123' title='bbox 819 1508 1027 1547; x_wconf 57' lang='lat' dir='ltr'>maxume.</span> 
     </span>
    </p>

    <p class='ocr_par' dir='ltr' id='par_1_19' title="bbox 369 1566 1592 1680">
     <span class='ocr_line' id='line_1_30' title="bbox 369 1566 1592 1624; baseline -0.002 -14"><span class='ocrx_word' id='word_1_124' title='bbox 369 1568 480 1610; x_wconf 86' lang='lat' dir='ltr'>Nam</span> <span class='ocrx_word' id='word_1_125' title='bbox 505 1568 642 1610; x_wconf 86' lang='lat' dir='ltr'>hercle</span> <span class='ocrx_word' id='word_1_126' title='bbox 666 1568 773 1610; x_wconf 58' lang='lat' dir='ltr'>alius</span> <span class='ocrx_word' id='word_1_127' title='bbox 797 1583 920 1610; x_wconf 87' lang='lat' dir='ltr'>nemo</span> <span class='ocrx_word' id='word_1_128' title='bbox 945 1568 1112 1624; x_wconf 74' lang='lat' dir='ltr'>respicit</span> <span class='ocrx_word' id='word_1_129' title='bbox 1131 1583 1218 1609; x_wconf 79' lang='lat' dir='ltr'>nos,</span> <span class='ocrx_word' id='word_1_130' title='bbox 1264 1566 1335 1610; x_wconf 89' lang='lat' dir='ltr'>So.</span> <span class='ocrx_word' id='word_1_131' title='bbox 1361 1567 1540 1622; x_wconf 81' lang='lat' dir='ltr'>Prepere</span> <span class='ocrx_word' id='word_1_132' title='bbox 1558 1577 1592 1604; x_wconf 85' lang='lat'>55</span> 
     </span>
     <span class='ocr_line' id='line_1_31' title="bbox 817 1629 1247 1680; baseline -0.002 -8"><span class='ocrx_word' id='word_1_133' title='bbox 817 1639 875 1680; x_wconf 86' lang='lat' dir='ltr'>tu,</span> <span class='ocrx_word' id='word_1_134' title='bbox 901 1646 995 1672; x_wconf 84' lang='lat' dir='ltr'>mea</span> <span class='ocrx_word' id='word_1_135' title='bbox 1020 1629 1247 1680; x_wconf 58' lang='lat' dir='ltr'>Canthara,</span> 
     </span>
    </p>

    <p class='ocr_par' dir='ltr' id='par_1_20' title="bbox 369 1691 1540 1798">
     <span class='ocr_line' id='line_1_32' title="bbox 369 1691 1540 1748; baseline -0.002 -13"><span class='ocrx_word' id='word_1_136' title='bbox 369 1692 517 1743; x_wconf 86' lang='lat' dir='ltr'>Curre,</span> <span class='ocrx_word' id='word_1_137' title='bbox 549 1693 813 1736; x_wconf 73' lang='lat' dir='ltr'>ebstetricem</span> <span class='ocrx_word' id='word_1_138' title='bbox 844 1695 1021 1743; x_wconf 76' lang='lat' dir='ltr'>accerse,</span> <span class='ocrx_word' id='word_1_139' title='bbox 1053 1701 1099 1734; x_wconf 87' lang='lat' dir='ltr'>ut</span> <span class='ocrx_word' id='word_1_140' title='bbox 1130 1707 1258 1747; x_wconf 88' lang='lat' dir='ltr'>quom</span> <span class='ocrx_word' id='word_1_141' title='bbox 1283 1707 1386 1748; x_wconf 91' lang='lat' dir='ltr'>opus</span> <span class='ocrx_word' id='word_1_142' title='bbox 1411 1691 1540 1734; x_wconf 84' lang='lat' dir='ltr'>sitne</span> 
     </span>
     <span class='ocr_line' id='line_1_33' title="bbox 818 1756 1262 1798; baseline 0 -1"><span class='ocrx_word' id='word_1_143' title='bbox 818 1758 864 1797; x_wconf 85' lang='lat' dir='ltr'>in</span> <span class='ocrx_word' id='word_1_144' title='bbox 887 1771 1004 1798; x_wconf 87' lang='lat' dir='ltr'>mora</span> <span class='ocrx_word' id='word_1_145' title='bbox 1028 1756 1147 1797; x_wconf 82' lang='lat' dir='ltr'>nobis</span> <span class='ocrx_word' id='word_1_146' title='bbox 1172 1756 1262 1798; x_wconf 85' lang='lat' dir='ltr'>siet.</span> 
     </span>
    </p>
   </div>
   <div class='ocr_carea' id='block_1_10' title="bbox 368 1931 1608 2751">
    <p class='ocr_par' dir='ltr' id='par_1_21' title="bbox 368 1931 1608 2751">
     <span class='ocr_line' id='line_1_34' title="bbox 660 1931 1127 1973; baseline 0 -1"><span class='ocrx_word' id='word_1_147' title='bbox 660 1931 703 1973; x_wconf 94' lang='lat' dir='ltr'>D</span> <span class='ocrx_word' id='word_1_148' title='bbox 718 1947 741 1972; x_wconf 81' lang='grc' dir='ltr'>Ε</span> <span class='ocrx_word' id='word_1_149' title='bbox 755 1947 785 1972; x_wconf 84' lang='lat' dir='ltr'>M</span> <span class='ocrx_word' id='word_1_150' title='bbox 797 1947 820 1972; x_wconf 76' lang='lat' dir='ltr'><strong>E</strong></span> <span class='ocrx_word' id='word_1_151' title='bbox 834 1946 861 1973; x_wconf 78' lang='grc' dir='ltr'><strong>Α</strong></span> <span class='ocrx_word' id='word_1_152' title='bbox 948 1931 979 1973; x_wconf 90' lang='lat' dir='ltr'>S</span> <span class='ocrx_word' id='word_1_153' title='bbox 993 1947 1019 1972; x_wconf 86' lang='lat' dir='ltr'>Y</span> <span class='ocrx_word' id='word_1_154' title='bbox 1030 1947 1056 1972; x_wconf 84' lang='lat' dir='ltr'>R</span> <span class='ocrx_word' id='word_1_155' title='bbox 1068 1947 1094 1972; x_wconf 87' lang='lat' dir='ltr'>v</span> <span class='ocrx_word' id='word_1_156' title='bbox 1107 1946 1127 1973; x_wconf 87' lang='lat' dir='ltr'>s</span> 
     </span>
     <span class='ocr_line' id='line_1_35' title="bbox 701 2008 1113 2035; baseline 0 0"><span class='ocrx_word' id='word_1_157' title='bbox 701 2009 827 2035; x_wconf 72' lang='lat' dir='ltr'>anssx</span> <span class='ocrx_word' id='word_1_158' title='bbox 965 2008 1113 2035; x_wconf 70' lang='lat' dir='ltr'>smzvos</span> 
     </span>
     <span class='ocr_line' id='line_1_36' title="bbox 369 2067 1608 2124; baseline -0.002 -14"><span class='ocrx_word' id='word_1_159' title='bbox 369 2068 573 2124; x_wconf 72' lang='lat' dir='ltr'>Disperii!</span> <span class='ocrx_word' id='word_1_160' title='bbox 622 2067 918 2124; x_wconf 79' lang='lat' dir='ltr'>Ctesiphenem</span> <span class='ocrx_word' id='word_1_161' title='bbox 943 2069 1085 2110; x_wconf 83' lang='lat' dir='ltr'>audiui</span> <span class='ocrx_word' id='word_1_162' title='bbox 1109 2068 1243 2109; x_wconf 84' lang='lat' dir='ltr'>filium</span> <span class='ocrx_word' id='word_1_163' title='bbox 1538 2080 1608 2112; x_wconf 81' lang='lat' dir='ltr'>m,3</span> 
     </span>
     <span class='ocr_line' id='line_1_37' title="bbox 368 2131 1268 2187; baseline -0.001 -14"><span class='ocrx_word' id='word_1_164' title='bbox 368 2132 466 2174; x_wconf 67' lang='lat' dir='ltr'>Vne,</span> <span class='ocrx_word' id='word_1_165' title='bbox 490 2132 617 2173; x_wconf 87' lang='lat' dir='ltr'>fuisse</span> <span class='ocrx_word' id='word_1_166' title='bbox 642 2132 685 2172; x_wconf 91' lang='lat' dir='ltr'>in</span> <span class='ocrx_word' id='word_1_167' title='bbox 709 2132 898 2187; x_wconf 57' lang='lat' dir='ltr'>raptione</span> <span class='ocrx_word' id='word_1_168' title='bbox 923 2147 1018 2174; x_wconf 89' lang='lat' dir='ltr'>cum</span> <span class='ocrx_word' id='word_1_169' title='bbox 1042 2131 1268 2173; x_wconf 88' lang='lat' dir='ltr'>Aeschino.</span> 
     </span>
     <span class='ocr_line' id='line_1_38' title="bbox 369 2194 1381 2249; baseline -0.001 -14"><span class='ocrx_word' id='word_1_170' title='bbox 369 2194 420 2235; x_wconf 85' lang='lat' dir='ltr'>Id</span> <span class='ocrx_word' id='word_1_171' title='bbox 444 2196 595 2236; x_wconf 85' lang='lat' dir='ltr'>misero</span> <span class='ocrx_word' id='word_1_172' title='bbox 620 2202 747 2236; x_wconf 79' lang='lat' dir='ltr'>restat</span> <span class='ocrx_word' id='word_1_173' title='bbox 771 2194 871 2235; x_wconf 85' lang='lat' dir='ltr'>mihi</span> <span class='ocrx_word' id='word_1_174' title='bbox 896 2195 1008 2243; x_wconf 83' lang='lat' dir='ltr'>mali,</span> <span class='ocrx_word' id='word_1_175' title='bbox 1035 2194 1067 2235; x_wconf 88' lang='lat' dir='ltr'>si</span> <span class='ocrx_word' id='word_1_176' title='bbox 1093 2194 1208 2235; x_wconf 78' lang='lat' dir='ltr'>illum</span> <span class='ocrx_word' id='word_1_177' title='bbox 1233 2201 1381 2249; x_wconf 80' lang='lat' dir='ltr'>potest,</span> 
     </span>
     <span class='ocr_line' id='line_1_39' title="bbox 370 2256 1540 2311; baseline -0.001 -13"><span class='ocrx_word' id='word_1_178' title='bbox 370 2256 456 2308; x_wconf 80' lang='lat' dir='ltr'>Qui</span> <span class='ocrx_word' id='word_1_179' title='bbox 493 2257 648 2311; x_wconf 85' lang='lat' dir='ltr'>aliquoi</span> <span class='ocrx_word' id='word_1_180' title='bbox 683 2258 782 2299; x_wconf 88' lang='lat' dir='ltr'>reist</span> <span class='ocrx_word' id='word_1_181' title='bbox 818 2257 969 2306; x_wconf 35' lang='lat' dir='ltr'>etiams</span> <span class='ocrx_word' id='word_1_182' title='bbox 995 2272 1089 2298; x_wconf 87' lang='lat' dir='ltr'>eum</span> <span class='ocrx_word' id='word_1_183' title='bbox 1126 2256 1179 2298; x_wconf 64' lang='lat' dir='ltr'>aid</span> <span class='ocrx_word' id='word_1_184' title='bbox 1207 2257 1434 2310; x_wconf 82' lang='lat' dir='ltr'>nequitiem</span> <span class='ocrx_word' id='word_1_185' title='bbox 1467 2256 1540 2297; x_wconf 85' lang='lat' dir='ltr'>ad-</span> 
     </span>
     <span class='ocr_line' id='line_1_40' title="bbox 822 2319 986 2361; baseline 0.006 -1"><span class='ocrx_word' id='word_1_186' title='bbox 822 2319 986 2361; x_wconf 76' lang='lat' dir='ltr'>ducere.</span> 
     </span>
     <span class='ocr_line' id='line_1_41' title="bbox 368 2380 1592 2436; baseline -0.005 -12"><span class='ocrx_word' id='word_1_187' title='bbox 368 2381 454 2424; x_wconf 87' lang='lat' dir='ltr'>Vbi</span> <span class='ocrx_word' id='word_1_188' title='bbox 501 2396 579 2436; x_wconf 84' lang='lat' dir='ltr'>ego</span> <span class='ocrx_word' id='word_1_189' title='bbox 625 2381 744 2423; x_wconf 86' lang='lat' dir='ltr'>illum</span> <span class='ocrx_word' id='word_1_190' title='bbox 791 2383 1013 2436; x_wconf 78' lang='lat' dir='ltr'>quaeram?</span> <span class='ocrx_word' id='word_1_191' title='bbox 1063 2381 1185 2423; x_wconf 86' lang='lat' dir='ltr'>credo</span> <span class='ocrx_word' id='word_1_192' title='bbox 1228 2380 1456 2423; x_wconf 85' lang='lat' dir='ltr'>abductum</span> <span class='ocrx_word' id='word_1_193' title='bbox 1497 2380 1539 2422; x_wconf 92' lang='lat' dir='ltr'>in</span> <span class='ocrx_word' id='word_1_194' title='bbox 1575 2393 1592 2418; x_wconf 84' lang='lat'>5</span> 
     </span>
     <span class='ocr_line' id='line_1_42' title="bbox 818 2446 1000 2499; baseline 0 -14"><span class='ocrx_word' id='word_1_195' title='bbox 818 2446 1000 2499; x_wconf 62' lang='lat' dir='ltr'>geneum</span> 
     </span>
     <span class='ocr_line' id='line_1_43' title="bbox 371 2505 1291 2562; baseline 0 -16"><span class='ocrx_word' id='word_1_196' title='bbox 371 2506 545 2560; x_wconf 75' lang='lat' dir='ltr'>Aliqud:</span> <span class='ocrx_word' id='word_1_197' title='bbox 572 2507 777 2561; x_wconf 81' lang='lat' dir='ltr'>persuasit</span> <span class='ocrx_word' id='word_1_198' title='bbox 799 2507 867 2548; x_wconf 87' lang='lat' dir='ltr'>ille</span> <span class='ocrx_word' id='word_1_199' title='bbox 893 2507 1079 2562; x_wconf 85' lang='lat' dir='ltr'>inpurus,</span> <span class='ocrx_word' id='word_1_200' title='bbox 1107 2508 1169 2547; x_wconf 58' lang='grc' dir='ltr'>εἴη</span> <span class='ocrx_word' id='word_1_201' title='bbox 1193 2505 1291 2547; x_wconf 86' lang='lat' dir='ltr'>scio.</span> 
     </span>
     <span class='ocr_line' id='line_1_44' title="bbox 370 2568 1540 2625; baseline -0.001 -15"><span class='ocrx_word' id='word_1_202' title='bbox 370 2568 456 2610; x_wconf 86' lang='lat' dir='ltr'>Sed</span> <span class='ocrx_word' id='word_1_203' title='bbox 482 2570 625 2611; x_wconf 78' lang='lat' dir='ltr'>eccum</span> <span class='ocrx_word' id='word_1_204' title='bbox 653 2569 807 2625; x_wconf 80' lang='lat' dir='ltr'>Syrum</span> <span class='ocrx_word' id='word_1_205' title='bbox 832 2570 890 2611; x_wconf 85' lang='lat' dir='ltr'>ire</span> <span class='ocrx_word' id='word_1_206' title='bbox 916 2570 1056 2612; x_wconf 87' lang='lat' dir='ltr'>uideo:</span> <span class='ocrx_word' id='word_1_207' title='bbox 1089 2569 1171 2610; x_wconf 88' lang='lat' dir='ltr'>iam</span> <span class='ocrx_word' id='word_1_208' title='bbox 1202 2568 1298 2610; x_wconf 91' lang='lat' dir='ltr'>hinc</span> <span class='ocrx_word' id='word_1_209' title='bbox 1329 2568 1443 2610; x_wconf 81' lang='lat' dir='ltr'>scibo</span> <span class='ocrx_word' id='word_1_210' title='bbox 1468 2568 1540 2609; x_wconf 73' lang='lat' dir='ltr'>ubi</span> 
     </span>
     <span class='ocr_line' id='line_1_45' title="bbox 385 2633 908 2682; baseline 0 -9"><span class='ocrx_word' id='word_1_211' title='bbox 385 2680 387 2682; x_wconf 22' lang='lat'>¹</span> <span class='ocrx_word' id='word_1_212' title='bbox 820 2633 908 2673; x_wconf 82' lang='lat' dir='ltr'>siet.</span> 
     </span>
     <span class='ocr_line' id='line_1_46' title="bbox 369 2693 1500 2751; baseline -0.001 -15"><span class='ocrx_word' id='word_1_213' title='bbox 369 2694 512 2750; x_wconf 83' lang='lat' dir='ltr'>Atque</span> <span class='ocrx_word' id='word_1_214' title='bbox 539 2693 676 2737; x_wconf 88' lang='lat' dir='ltr'>hercle</span> <span class='ocrx_word' id='word_1_215' title='bbox 702 2695 768 2736; x_wconf 91' lang='lat' dir='ltr'>hic</span> <span class='ocrx_word' id='word_1_216' title='bbox 794 2695 844 2736; x_wconf 84' lang='lat' dir='ltr'>de</span> <span class='ocrx_word' id='word_1_217' title='bbox 869 2709 999 2751; x_wconf 83' lang='lat' dir='ltr'>grege</span> <span class='ocrx_word' id='word_1_218' title='bbox 1024 2694 1151 2736; x_wconf 83' lang='lat' dir='ltr'>fllost:</span> <span class='ocrx_word' id='word_1_219' title='bbox 1178 2694 1212 2735; x_wconf 88' lang='lat' dir='ltr'>si</span> <span class='ocrx_word' id='word_1_220' title='bbox 1237 2708 1303 2735; x_wconf 90' lang='lat' dir='ltr'>me</span> <span class='ocrx_word' id='word_1_221' title='bbox 1329 2693 1500 2736; x_wconf 75' lang='lat' dir='ltr'>senserit</span> 
     </span>
    </p>
   </div>
  </div>
 </body>
</html>
