<?xml version="1.0" encoding="UTF-8"?>
<!DOCTYPE html PUBLIC "-//W3C//DTD XHTML 1.0 Transitional//EN"
    "http://www.w3.org/TR/xhtml1/DTD/xhtml1-transitional.dtd">
<html xmlns="http://www.w3.org/1999/xhtml" xml:lang="en" lang="en">
 <head>
  <title>
</title>
<meta http-equiv="Content-Type" content="text/html;charset=utf-8" />
  <meta name='ocr-system' content='tesseract 3.04.00' />
  <meta name='ocr-capabilities' content='ocr_page ocr_carea ocr_par ocr_line ocrx_word'/>
</head>
<body>
  <div class='ocr_page' id='page_1' title='image "./pterentiafricomo00tereuoft/pterentiafricomo00tereuoft_0123.png"; bbox 0 0 1700 2984; ppageno 0'>
   <div class='ocr_carea' id='block_1_1' title="bbox 112 121 220 167">
    <p class='ocr_par' dir='ltr' id='par_1_1' title="bbox 112 121 220 167">
     <span class='ocr_line' id='line_1_1' title="bbox 112 121 220 167; baseline 0.009 -11"><span class='ocrx_word' id='word_1_1' title='bbox 112 121 181 167; x_wconf 87' lang='lat'>111,</span> <span class='ocrx_word' id='word_1_2' title='bbox 198 122 220 157; x_wconf 87' lang='lat'><strong>3</strong></span> 
     </span>
    </p>
   </div>
   <div class='ocr_carea' id='block_1_2' title="bbox 127 588 160 612">
    <p class='ocr_par' dir='ltr' id='par_1_2' title="bbox 127 588 160 612">
     <span class='ocr_line' id='line_1_2' title="bbox 127 588 160 612; baseline 0 0"><span class='ocrx_word' id='word_1_3' title='bbox 127 588 160 612; x_wconf 81' lang='lat'>20</span> 
     </span>
    </p>
   </div>
   <div class='ocr_carea' id='block_1_3' title="bbox 125 1710 158 1735">
    <p class='ocr_par' dir='ltr' id='par_1_3' title="bbox 125 1710 158 1735">
     <span class='ocr_line' id='line_1_3' title="bbox 125 1710 158 1735; baseline 0 0"><span class='ocrx_word' id='word_1_4' title='bbox 125 1710 158 1735; x_wconf 81' lang='lat'>30</span> 
     </span>
    </p>
   </div>
   <div class='ocr_carea' id='block_1_4' title="bbox 181 327 253 370">
    <p class='ocr_par' dir='ltr' id='par_1_4' title="bbox 181 327 253 370">
     <span class='ocr_line' id='line_1_4' title="bbox 181 327 253 370; baseline -0.028 0"><span class='ocrx_word' id='word_1_5' title='bbox 181 327 253 370; x_wconf 81' lang='lat' dir='ltr'>SY.</span> 
     </span>
    </p>
   </div>
   <div class='ocr_carea' id='block_1_5' title="bbox 180 574 250 617">
    <p class='ocr_par' dir='ltr' id='par_1_5' title="bbox 180 574 250 617">
     <span class='ocr_line' id='line_1_5' title="bbox 180 574 250 617; baseline -0.014 0"><span class='ocrx_word' id='word_1_6' title='bbox 180 574 250 617; x_wconf 81' lang='lat' dir='ltr'>SY.</span> 
     </span>
    </p>
   </div>
   <div class='ocr_carea' id='block_1_6' title="bbox 181 823 255 865">
    <p class='ocr_par' dir='ltr' id='par_1_6' title="bbox 181 823 255 865">
     <span class='ocr_line' id='line_1_6' title="bbox 181 823 255 865; baseline 0 0"><span class='ocrx_word' id='word_1_7' title='bbox 181 823 255 865; x_wconf 81' lang='lat' dir='ltr'>CL.</span> 
     </span>
    </p>
   </div>
   <div class='ocr_carea' id='block_1_7' title="bbox 180 948 250 991">
    <p class='ocr_par' dir='ltr' id='par_1_7' title="bbox 180 948 250 991">
     <span class='ocr_line' id='line_1_7' title="bbox 180 948 250 991; baseline -0.029 0"><span class='ocrx_word' id='word_1_8' title='bbox 180 948 250 991; x_wconf 67' lang='lat' dir='ltr'>Sv.</span> 
     </span>
    </p>
   </div>
   <div class='ocr_carea' id='block_1_8' title="bbox 177 1946 256 2241">
    <p class='ocr_par' dir='ltr' id='par_1_8' title="bbox 177 1946 256 2241">
     <span class='ocr_line' id='line_1_8' title="bbox 177 1946 254 1990; baseline -0.013 0"><span class='ocrx_word' id='word_1_9' title='bbox 177 1946 254 1990; x_wconf 78' lang='lat' dir='ltr'>Cn.</span> 
     </span>
     <span class='ocr_line' id='line_1_9' title="bbox 177 2073 256 2116; baseline -0.025 0"><span class='ocrx_word' id='word_1_10' title='bbox 177 2073 256 2116; x_wconf 75' lang='lat' dir='ltr'>Cn.</span> 
     </span>
     <span class='ocr_line' id='line_1_10' title="bbox 177 2198 254 2241; baseline -0.026 0"><span class='ocrx_word' id='word_1_11' title='bbox 177 2198 254 2241; x_wconf 75' lang='lat' dir='ltr'>Cn.</span> 
     </span>
    </p>
   </div>
   <div class='ocr_carea' id='block_1_9' title="bbox 176 2572 246 2614">
    <p class='ocr_par' dir='ltr' id='par_1_9' title="bbox 176 2572 246 2614">
     <span class='ocr_line' id='line_1_11' title="bbox 176 2572 246 2614; baseline 0 -1"><span class='ocrx_word' id='word_1_12' title='bbox 176 2572 246 2614; x_wconf 65' lang='grc' dir='ltr'>ΞΥ.</span> 
     </span>
    </p>
   </div>
   <div class='ocr_carea' id='block_1_10' title="bbox 503 112 1459 159">
    <p class='ocr_par' dir='ltr' id='par_1_10' title="bbox 503 112 1459 159">
     <span class='ocr_line' id='line_1_12' title="bbox 503 112 1459 159; baseline -0.003 -2"><span class='ocrx_word' id='word_1_13' title='bbox 503 122 749 159; x_wconf 88' lang='lat' dir='ltr'>HEAVTON</span> <span class='ocrx_word' id='word_1_14' title='bbox 773 121 1139 158; x_wconf 87' lang='lat' dir='ltr'><strong>TIMORVMENOS</strong></span> <span class='ocrx_word' id='word_1_15' title='bbox 1407 112 1459 155; x_wconf 78' lang='lat'>75</span> 
     </span>
    </p>
   </div>
   <div class='ocr_carea' id='block_1_11' title="bbox 288 203 1554 1553">
    <p class='ocr_par' dir='ltr' id='par_1_11' title="bbox 292 203 1457 321">
     <span class='ocr_line' id='line_1_13' title="bbox 292 203 1457 259; baseline 0 -14"><span class='ocrx_word' id='word_1_16' title='bbox 292 203 378 245; x_wconf 83' lang='lat' dir='ltr'>Sed</span> <span class='ocrx_word' id='word_1_17' title='bbox 402 205 629 245; x_wconf 72' lang='lat' dir='ltr'>ndstrumst</span> <span class='ocrx_word' id='word_1_18' title='bbox 652 203 905 259; x_wconf 77' lang='lat' dir='ltr'>intellegere,</span> <span class='ocrx_word' id='word_1_19' title='bbox 931 211 974 245; x_wconf 91' lang='lat' dir='ltr'>ut</span> <span class='ocrx_word' id='word_1_20' title='bbox 1001 217 1210 258; x_wconf 92' lang='lat' dir='ltr'>quomque</span> <span class='ocrx_word' id='word_1_21' title='bbox 1236 211 1361 258; x_wconf 84' lang='lat' dir='ltr'>atque</span> <span class='ocrx_word' id='word_1_22' title='bbox 1386 205 1457 246; x_wconf 79' lang='lat' dir='ltr'>ubi</span> 
     </span>
     <span class='ocr_line' id='line_1_14' title="bbox 739 266 1368 321; baseline 0.003 -16"><span class='ocrx_word' id='word_1_23' title='bbox 739 279 949 319; x_wconf 88' lang='lat' dir='ltr'>quomque</span> <span class='ocrx_word' id='word_1_24' title='bbox 973 279 1078 321; x_wconf 85' lang='lat' dir='ltr'>opus</span> <span class='ocrx_word' id='word_1_25' title='bbox 1104 266 1156 306; x_wconf 82' lang='lat' dir='ltr'>sit</span> <span class='ocrx_word' id='word_1_26' title='bbox 1181 266 1368 320; x_wconf 74' lang='lat' dir='ltr'>dbsequi.</span> 
     </span>
    </p>

    <p class='ocr_par' dir='ltr' id='par_1_12' title="bbox 290 326 1459 445">
     <span class='ocr_line' id='line_1_15' title="bbox 290 326 1459 383; baseline 0.002 -15"><span class='ocrx_word' id='word_1_27' title='bbox 290 327 404 380; x_wconf 80' lang='lat' dir='ltr'>Quid</span> <span class='ocrx_word' id='word_1_28' title='bbox 428 328 504 370; x_wconf 86' lang='lat' dir='ltr'>iste</span> <span class='ocrx_word' id='word_1_29' title='bbox 527 327 684 369; x_wconf 79' lang='lat' dir='ltr'>narrat!</span> <span class='ocrx_word' id='word_1_30' title='bbox 734 326 809 368; x_wconf 76' lang='lat' dir='ltr'>CL.</span> <span class='ocrx_word' id='word_1_31' title='bbox 840 327 966 369; x_wconf 74' lang='lat' dir='ltr'>Perii.</span> <span class='ocrx_word' id='word_1_32' title='bbox 1022 326 1093 369; x_wconf 75' lang='grc' dir='ltr'>ΞΥ.</span> <span class='ocrx_word' id='word_1_33' title='bbox 1133 326 1331 383; x_wconf 81' lang='lat' dir='ltr'><strong>Clitipho,</strong></span> <span class='ocrx_word' id='word_1_34' title='bbox 1357 329 1459 370; x_wconf 79' lang='lat' dir='ltr'>hae&#39;e</span> 
     </span>
     <span class='ocr_line' id='line_1_16' title="bbox 739 389 1179 445; baseline -0.002 -14"><span class='ocrx_word' id='word_1_35' title='bbox 739 404 817 445; x_wconf 87' lang='lat' dir='ltr'>ego</span> <span class='ocrx_word' id='word_1_36' title='bbox 847 390 1053 445; x_wconf 75' lang='lat' dir='ltr'>praecipid</span> <span class='ocrx_word' id='word_1_37' title='bbox 1080 389 1179 430; x_wconf 82' lang='lat' dir='ltr'>tibi?</span> 
     </span>
    </p>

    <p class='ocr_par' dir='ltr' id='par_1_13' title="bbox 291 451 1551 556">
     <span class='ocr_line' id='line_1_17' title="bbox 291 451 1551 507; baseline 0.003 -15"><span class='ocrx_word' id='word_1_38' title='bbox 291 451 485 493; x_wconf 66' lang='lat' dir='ltr'>Heminis</span> <span class='ocrx_word' id='word_1_39' title='bbox 521 451 633 507; x_wconf 85' lang='lat' dir='ltr'>frugi</span> <span class='ocrx_word' id='word_1_40' title='bbox 664 458 703 493; x_wconf 89' lang='lat' dir='ltr'>et</span> <span class='ocrx_word' id='word_1_41' title='bbox 740 451 1008 506; x_wconf 79' lang='lat' dir='ltr'>temperantis</span> <span class='ocrx_word' id='word_1_42' title='bbox 1039 452 1219 493; x_wconf 72' lang='lat' dir='ltr'>functu’s</span> <span class='ocrx_word' id='word_1_43' title='bbox 1251 452 1460 494; x_wconf 68' lang='lat' dir='ltr'>officium?</span> <span class='ocrx_word' id='word_1_44' title='bbox 1484 463 1551 497; x_wconf 80' lang='grc'>580</span> 
     </span>
     <span class='ocr_line' id='line_1_18' title="bbox 741 511 1120 556; baseline 0.003 -2"><span class='ocrx_word' id='word_1_45' title='bbox 741 511 814 555; x_wconf 76' lang='lat' dir='ltr'>CL.</span> <span class='ocrx_word' id='word_1_46' title='bbox 847 514 960 556; x_wconf 87' lang='lat' dir='ltr'>Tace</span> <span class='ocrx_word' id='word_1_47' title='bbox 986 514 1120 555; x_wconf 82' lang='lat' dir='ltr'>sodes.</span> 
     </span>
    </p>

    <p class='ocr_par' dir='ltr' id='par_1_14' title="bbox 288 575 1459 693">
     <span class='ocr_line' id='line_1_19' title="bbox 288 575 1459 631; baseline 0.002 -15"><span class='ocrx_word' id='word_1_48' title='bbox 288 575 419 617; x_wconf 74' lang='lat' dir='ltr'>Recte</span> <span class='ocrx_word' id='word_1_49' title='bbox 455 591 565 617; x_wconf 85' lang='lat' dir='ltr'>sane.</span> <span class='ocrx_word' id='word_1_50' title='bbox 623 575 701 617; x_wconf 76' lang='lat' dir='ltr'>Cn.</span> <span class='ocrx_word' id='word_1_51' title='bbox 736 576 860 630; x_wconf 73' lang='lat' dir='ltr'>Syre:</span> <span class='ocrx_word' id='word_1_52' title='bbox 898 576 1027 631; x_wconf 85' lang='lat' dir='ltr'>pudet</span> <span class='ocrx_word' id='word_1_53' title='bbox 1058 592 1136 618; x_wconf 89' lang='lat' dir='ltr'>me.</span> <span class='ocrx_word' id='word_1_54' title='bbox 1198 576 1267 618; x_wconf 85' lang='lat' dir='ltr'>SY.</span> <span class='ocrx_word' id='word_1_55' title='bbox 1301 577 1459 618; x_wconf 73' lang='lat' dir='ltr'>Credo:</span> 
     </span>
     <span class='ocr_line' id='line_1_20' title="bbox 738 639 1257 693; baseline 0.004 -15"><span class='ocrx_word' id='word_1_56' title='bbox 738 653 872 691; x_wconf 90' lang='lat' dir='ltr'>neque</span> <span class='ocrx_word' id='word_1_57' title='bbox 896 639 940 679; x_wconf 89' lang='lat' dir='ltr'>id</span> <span class='ocrx_word' id='word_1_58' title='bbox 963 639 1111 679; x_wconf 77' lang='lat' dir='ltr'>iniuria</span> <span class='ocrx_word' id='word_1_59' title='bbox 1120 655 1130 687; x_wconf 91' lang='lat'>;</span> <span class='ocrx_word' id='word_1_60' title='bbox 1156 639 1257 693; x_wconf 91' lang='lat' dir='ltr'>quin</span> 
     </span>
    </p>

    <p class='ocr_par' dir='ltr' id='par_1_15' title="bbox 290 698 1461 816">
     <span class='ocr_line' id='line_1_21' title="bbox 290 698 1461 744; baseline 0.001 -4"><span class='ocrx_word' id='word_1_61' title='bbox 290 699 397 740; x_wconf 86' lang='lat' dir='ltr'>Mihi</span> <span class='ocrx_word' id='word_1_62' title='bbox 424 700 694 741; x_wconf 77' lang='lat' dir='ltr'>molestumst.</span> <span class='ocrx_word' id='word_1_63' title='bbox 739 698 814 741; x_wconf 78' lang='lat' dir='ltr'>CL.</span> <span class='ocrx_word' id='word_1_64' title='bbox 839 700 988 742; x_wconf 84' lang='lat' dir='ltr'>Pe&#39;rdis</span> <span class='ocrx_word' id='word_1_65' title='bbox 1014 701 1165 743; x_wconf 86' lang='lat' dir='ltr'>hercle.</span> <span class='ocrx_word' id='word_1_66' title='bbox 1204 700 1274 744; x_wconf 80' lang='lat' dir='ltr'>SY.</span> <span class='ocrx_word' id='word_1_67' title='bbox 1301 702 1461 744; x_wconf 71' lang='lat' dir='ltr'>Verum</span> 
     </span>
     <span class='ocr_line' id='line_1_22' title="bbox 739 763 1173 816; baseline 0.002 -13"><span class='ocrx_word' id='word_1_68' title='bbox 739 763 830 803; x_wconf 89' lang='lat' dir='ltr'>dico</span> <span class='ocrx_word' id='word_1_69' title='bbox 856 764 970 816; x_wconf 66' lang='lat' dir='ltr'>qued</span> <span class='ocrx_word' id='word_1_70' title='bbox 994 763 1173 805; x_wconf 89' lang='lat' dir='ltr'>uidetur.</span> 
     </span>
    </p>

    <p class='ocr_par' dir='ltr' id='par_1_16' title="bbox 292 824 1461 929">
     <span class='ocr_line' id='line_1_23' title="bbox 292 824 1461 879; baseline 0.003 -13"><span class='ocrx_word' id='word_1_71' title='bbox 292 825 388 866; x_wconf 74' lang='lat' dir='ltr'>Ndn</span> <span class='ocrx_word' id='word_1_72' title='bbox 413 825 608 866; x_wconf 83' lang='lat' dir='ltr'>accedam</span> <span class='ocrx_word' id='word_1_73' title='bbox 633 825 684 865; x_wconf 87' lang='lat' dir='ltr'>ad</span> <span class='ocrx_word' id='word_1_74' title='bbox 710 825 826 866; x_wconf 78' lang='lat' dir='ltr'>illos?</span> <span class='ocrx_word' id='word_1_75' title='bbox 865 824 941 866; x_wconf 74' lang='lat' dir='ltr'>Cn.</span> <span class='ocrx_word' id='word_1_76' title='bbox 968 825 1062 867; x_wconf 87' lang='lat' dir='ltr'>Eho</span> <span class='ocrx_word' id='word_1_77' title='bbox 1087 840 1257 879; x_wconf 83' lang='lat' dir='ltr'>quaeso,</span> <span class='ocrx_word' id='word_1_78' title='bbox 1282 826 1370 868; x_wconf 76' lang='lat' dir='ltr'>ulla</span> <span class='ocrx_word' id='word_1_79' title='bbox 1394 842 1461 869; x_wconf 88' lang='lat' dir='ltr'>ac-</span> 
     </span>
     <span class='ocr_line' id='line_1_24' title="bbox 741 888 1077 929; baseline 0.003 -1"><span class='ocrx_word' id='word_1_80' title='bbox 741 888 920 928; x_wconf 84' lang='lat' dir='ltr'>cedundi</span> <span class='ocrx_word' id='word_1_81' title='bbox 944 888 1077 929; x_wconf 85' lang='lat' dir='ltr'>uiast‘?</span> 
     </span>
    </p>

    <p class='ocr_par' dir='ltr' id='par_1_17' title="bbox 288 936 1462 1054">
     <span class='ocr_line' id='line_1_25' title="bbox 288 936 1462 1008; baseline 0.003 -18"><span class='ocrx_word' id='word_1_82' title='bbox 288 936 504 991; x_wconf 69' lang='lat' dir='ltr'>Actumst:</span> <span class='ocrx_word' id='word_1_83' title='bbox 537 949 602 991; x_wconf 92' lang='lat' dir='ltr'>hic</span> <span class='ocrx_word' id='word_1_84' title='bbox 628 949 741 1004; x_wconf 80' lang='lat' dir='ltr'>prius</span> <span class='ocrx_word' id='word_1_85' title='bbox 767 965 811 991; x_wconf 86' lang='lat' dir='ltr'>se</span> <span class='ocrx_word' id='word_1_86' title='bbox 836 950 1028 991; x_wconf 87' lang='lat' dir='ltr'>indicarit</span> <span class='ocrx_word' id='word_1_87' title='bbox 1052 952 1179 1004; x_wconf 56' lang='lat' dir='ltr'>quam</span> <span class='ocrx_word' id='word_1_88' title='bbox 1209 966 1287 1006; x_wconf 80' lang='lat' dir='ltr'>ego</span> <span class='ocrx_word' id='word_1_89' title='bbox 1314 966 1462 1008; x_wconf 85' lang='lat' dir='ltr'>argen-</span> 
     </span>
     <span class='ocr_line' id='line_1_26' title="bbox 740 1012 1044 1054; baseline 0.003 -1"><span class='ocrx_word' id='word_1_90' title='bbox 740 1020 827 1053; x_wconf 86' lang='lat' dir='ltr'>tum</span> <span class='ocrx_word' id='word_1_91' title='bbox 854 1012 1044 1054; x_wconf 81' lang='lat' dir='ltr'>effecero.</span> 
     </span>
    </p>

    <p class='ocr_par' dir='ltr' id='par_1_18' title="bbox 292 1071 1554 1189">
     <span class='ocr_line' id='line_1_27' title="bbox 292 1071 1554 1122; baseline 0.006 -7"><span class='ocrx_word' id='word_1_92' title='bbox 292 1071 505 1122; x_wconf 72' lang='lat' dir='ltr'>Chremes,</span> <span class='ocrx_word' id='word_1_93' title='bbox 531 1074 602 1115; x_wconf 89' lang='lat' dir='ltr'>uin</span> <span class='ocrx_word' id='word_1_94' title='bbox 628 1082 673 1115; x_wconf 86' lang='lat' dir='ltr'>tu</span> <span class='ocrx_word' id='word_1_95' title='bbox 692 1074 849 1115; x_wconf 89' lang='lat' dir='ltr'>homini</span> <span class='ocrx_word' id='word_1_96' title='bbox 868 1075 992 1116; x_wconf 80' lang='lat' dir='ltr'>stulto</span> <span class='ocrx_word' id='word_1_97' title='bbox 1012 1075 1068 1116; x_wconf 88' lang='lat' dir='ltr'>mi</span> <span class='ocrx_word' id='word_1_98' title='bbox 1087 1076 1345 1118; x_wconf 67' lang='lat' dir='ltr'>ausculta&#39;tre?</span> <span class='ocrx_word' id='word_1_99' title='bbox 1382 1076 1461 1119; x_wconf 75' lang='lat' dir='ltr'>Cn.</span> <span class='ocrx_word' id='word_1_100' title='bbox 1487 1086 1554 1121; x_wconf 82' lang='grc'>585</span> 
     </span>
     <span class='ocr_line' id='line_1_28' title="bbox 739 1136 1463 1189; baseline 0.006 -12"><span class='ocrx_word' id='word_1_101' title='bbox 739 1136 854 1189; x_wconf 79' lang='lat' dir='ltr'>Quid</span> <span class='ocrx_word' id='word_1_102' title='bbox 886 1137 1061 1178; x_wconf 56' lang='lat' dir='ltr'>faciam?</span> <span class='ocrx_word' id='word_1_103' title='bbox 1110 1137 1180 1180; x_wconf 78' lang='lat' dir='ltr'>SY.</span> <span class='ocrx_word' id='word_1_104' title='bbox 1215 1138 1321 1180; x_wconf 92' lang='lat' dir='ltr'>Iube</span> <span class='ocrx_word' id='word_1_105' title='bbox 1353 1139 1463 1181; x_wconf 91' lang='lat' dir='ltr'>hunc</span> 
     </span>
    </p>

    <p class='ocr_par' dir='ltr' id='par_1_19' title="bbox 289 1197 1463 1314">
     <span class='ocr_line' id='line_1_29' title="bbox 289 1197 1463 1256; baseline 0.003 -17"><span class='ocrx_word' id='word_1_106' title='bbox 289 1198 421 1240; x_wconf 82' lang='lat' dir='ltr'>Abire</span> <span class='ocrx_word' id='word_1_107' title='bbox 454 1197 550 1240; x_wconf 89' lang='lat' dir='ltr'>hinc</span> <span class='ocrx_word' id='word_1_108' title='bbox 588 1199 737 1253; x_wconf 79' lang='lat' dir='ltr'>aliquo.</span> <span class='ocrx_word' id='word_1_109' title='bbox 799 1198 874 1240; x_wconf 78' lang='lat' dir='ltr'>CL.</span> <span class='ocrx_word' id='word_1_110' title='bbox 914 1198 1010 1251; x_wconf 71' lang='lat' dir='ltr'>Qud</span> <span class='ocrx_word' id='word_1_111' title='bbox 1048 1215 1127 1256; x_wconf 85' lang='lat' dir='ltr'>ego</span> <span class='ocrx_word' id='word_1_112' title='bbox 1164 1201 1261 1242; x_wconf 91' lang='lat' dir='ltr'>hinc</span> <span class='ocrx_word' id='word_1_113' title='bbox 1291 1202 1463 1243; x_wconf 80' lang='lat' dir='ltr'>abeam?</span> 
     </span>
     <span class='ocr_line' id='line_1_30' title="bbox 741 1261 1460 1314; baseline 0.003 -10"><span class='ocrx_word' id='word_1_114' title='bbox 741 1261 812 1304; x_wconf 76' lang='lat' dir='ltr'>SY.</span> <span class='ocrx_word' id='word_1_115' title='bbox 840 1261 936 1314; x_wconf 62' lang='lat' dir='ltr'>Qud&gt;</span> <span class='ocrx_word' id='word_1_116' title='bbox 962 1262 1095 1304; x_wconf 89' lang='lat' dir='ltr'>lubet:</span> <span class='ocrx_word' id='word_1_117' title='bbox 1122 1263 1174 1304; x_wconf 83' lang='lat' dir='ltr'>da</span> <span class='ocrx_word' id='word_1_118' title='bbox 1198 1264 1279 1305; x_wconf 82' lang='lat' dir='ltr'>illis</span> <span class='ocrx_word' id='word_1_119' title='bbox 1304 1264 1460 1306; x_wconf 85' lang='lat' dir='ltr'>locum:</span> 
     </span>
    </p>

    <p class='ocr_par' dir='ltr' id='par_1_20' title="bbox 290 1323 1462 1441">
     <span class='ocr_line' id='line_1_31' title="bbox 290 1323 1462 1381; baseline 0.003 -16"><span class='ocrx_word' id='word_1_120' title='bbox 290 1324 377 1365; x_wconf 85' lang='lat' dir='ltr'>Abi</span> <span class='ocrx_word' id='word_1_121' title='bbox 425 1324 750 1365; x_wconf 59' lang='lat' dir='ltr'>deambulatum.</span> <span class='ocrx_word' id='word_1_122' title='bbox 823 1323 897 1366; x_wconf 79' lang='lat' dir='ltr'>CL.</span> <span class='ocrx_word' id='word_1_123' title='bbox 947 1324 1302 1367; x_wconf 50' lang='lat' dir='ltr'>Deambulatum?</span> <span class='ocrx_word' id='word_1_124' title='bbox 1354 1328 1462 1381; x_wconf 70' lang='lat' dir='ltr'>qud?</span> 
     </span>
     <span class='ocr_line' id='line_1_32' title="bbox 740 1386 1384 1441; baseline 0.002 -12"><span class='ocrx_word' id='word_1_125' title='bbox 740 1386 809 1429; x_wconf 75' lang='lat' dir='ltr'>SY.</span> <span class='ocrx_word' id='word_1_126' title='bbox 848 1387 956 1436; x_wconf 85' lang='lat' dir='ltr'>Vah,</span> <span class='ocrx_word' id='word_1_127' title='bbox 982 1388 1100 1441; x_wconf 78' lang='lat' dir='ltr'>quasi</span> <span class='ocrx_word' id='word_1_128' title='bbox 1126 1389 1231 1430; x_wconf 83' lang='lat' dir='ltr'>desit.</span> <span class='ocrx_word' id='word_1_129' title='bbox 1256 1390 1384 1430; x_wconf 84' lang='lat' dir='ltr'>locus.</span> 
     </span>
    </p>

    <p class='ocr_par' dir='ltr' id='par_1_21' title="bbox 291 1448 1461 1553">
     <span class='ocr_line' id='line_1_33' title="bbox 291 1448 1461 1503; baseline 0.004 -14"><span class='ocrx_word' id='word_1_130' title='bbox 291 1448 375 1489; x_wconf 90' lang='lat' dir='ltr'>Abi</span> <span class='ocrx_word' id='word_1_131' title='bbox 401 1451 499 1490; x_wconf 53' lang='lat' dir='ltr'>sane</span> <span class='ocrx_word' id='word_1_132' title='bbox 519 1449 635 1499; x_wconf 84' lang='lat' dir='ltr'>istac,</span> <span class='ocrx_word' id='word_1_133' title='bbox 661 1450 869 1498; x_wconf 69' lang='lat' dir='ltr'>istcrsum,</span> <span class='ocrx_word' id='word_1_134' title='bbox 895 1450 1058 1503; x_wconf 85' lang='lat' dir='ltr'>quouis.</span> <span class='ocrx_word' id='word_1_135' title='bbox 1097 1449 1174 1492; x_wconf 76' lang='lat' dir='ltr'>Cn.</span> <span class='ocrx_word' id='word_1_136' title='bbox 1200 1451 1330 1493; x_wconf 76' lang='lat' dir='ltr'>Recte</span> <span class='ocrx_word' id='word_1_137' title='bbox 1351 1453 1461 1502; x_wconf 88' lang='lat' dir='ltr'>dicit,</span> 
     </span>
     <span class='ocr_line' id='line_1_34' title="bbox 740 1513 902 1553; baseline 0 0"><span class='ocrx_word' id='word_1_138' title='bbox 740 1513 902 1553; x_wconf 69' lang='lat' dir='ltr'>censeO.</span> 
     </span>
    </p>
   </div>
   <div class='ocr_carea' id='block_1_12' title="bbox 179 1573 1347 1678">
    <p class='ocr_par' dir='ltr' id='par_1_22' title="bbox 179 1573 1347 1678">
     <span class='ocr_line' id='line_1_35' title="bbox 245 1573 1347 1630; baseline 0.004 -16"><span class='ocrx_word' id='word_1_139' title='bbox 245 1605 253 1614; x_wconf 87' lang='lat'>.</span> <span class='ocrx_word' id='word_1_140' title='bbox 291 1573 348 1614; x_wconf 92' lang='lat' dir='ltr'>Di</span> <span class='ocrx_word' id='word_1_141' title='bbox 374 1581 413 1615; x_wconf 83' lang='lat' dir='ltr'>te</span> <span class='ocrx_word' id='word_1_142' title='bbox 438 1573 661 1623; x_wconf 77' lang='lat' dir='ltr'>eradicent,</span> <span class='ocrx_word' id='word_1_143' title='bbox 687 1576 759 1628; x_wconf 88' lang='lat' dir='ltr'>qui</span> <span class='ocrx_word' id='word_1_144' title='bbox 783 1589 849 1616; x_wconf 89' lang='lat' dir='ltr'>me</span> <span class='ocrx_word' id='word_1_145' title='bbox 874 1574 971 1616; x_wconf 91' lang='lat' dir='ltr'>hinc</span> <span class='ocrx_word' id='word_1_146' title='bbox 996 1575 1194 1625; x_wconf 82' lang='lat' dir='ltr'>extrudis,</span> <span class='ocrx_word' id='word_1_147' title='bbox 1222 1574 1347 1630; x_wconf 79' lang='lat' dir='ltr'>Syre!</span> 
     </span>
     <span class='ocr_line' id='line_1_36' title="bbox 179 1636 250 1678; baseline -0.028 0"><span class='ocrx_word' id='word_1_148' title='bbox 179 1636 250 1678; x_wconf 79' lang='lat' dir='ltr'>SY.</span> 
     </span>
    </p>
   </div>
   <div class='ocr_carea' id='block_1_13' title="bbox 285 1636 1553 2691">
    <p class='ocr_par' dir='ltr' id='par_1_23' title="bbox 289 1636 1553 1693">
     <span class='ocr_line' id='line_1_37' title="bbox 289 1636 1553 1693; baseline 0.006 -17"><span class='ocrx_word' id='word_1_149' title='bbox 289 1637 347 1677; x_wconf 88' lang='lat' dir='ltr'>At</span> <span class='ocrx_word' id='word_1_150' title='bbox 372 1637 416 1677; x_wconf 79' lang='lat' dir='ltr'>tu</span> <span class='ocrx_word' id='word_1_151' title='bbox 439 1636 508 1691; x_wconf 91' lang='lat' dir='ltr'>pol</span> <span class='ocrx_word' id='word_1_152' title='bbox 533 1636 607 1677; x_wconf 84' lang='lat' dir='ltr'>tibi</span> <span class='ocrx_word' id='word_1_153' title='bbox 625 1636 723 1678; x_wconf 82' lang='lat' dir='ltr'>istas</span> <span class='ocrx_word' id='word_1_154' title='bbox 744 1637 918 1692; x_wconf 72' lang='lat' dir='ltr'>pdsthac</span> <span class='ocrx_word' id='word_1_155' title='bbox 937 1639 1197 1693; x_wconf 67' lang='lat' dir='ltr'>comprimite</span> <span class='ocrx_word' id='word_1_156' title='bbox 1221 1639 1386 1681; x_wconf 77' lang='lat' dir='ltr'>manus!</span> <span class='ocrx_word' id='word_1_157' title='bbox 1407 1664 1462 1670; x_wconf 94' lang='lat'>—-</span> <span class='ocrx_word' id='word_1_158' title='bbox 1486 1650 1553 1685; x_wconf 85' lang='lat'>590</span> 
     </span>
    </p>

    <p class='ocr_par' dir='ltr' id='par_1_24' title="bbox 291 1698 1460 1811">
     <span class='ocr_line' id='line_1_38' title="bbox 291 1698 1460 1755; baseline 0.004 -16"><span class='ocrx_word' id='word_1_159' title='bbox 291 1698 457 1740; x_wconf 78' lang='lat' dir='ltr'>Censen</span> <span class='ocrx_word' id='word_1_160' title='bbox 488 1700 612 1740; x_wconf 86' lang='lat' dir='ltr'>uero?</span> <span class='ocrx_word' id='word_1_161' title='bbox 648 1699 749 1753; x_wconf 89' lang='lat' dir='ltr'>quid</span> <span class='ocrx_word' id='word_1_162' title='bbox 772 1699 890 1741; x_wconf 90' lang='lat' dir='ltr'>illum</span> <span class='ocrx_word' id='word_1_163' title='bbox 920 1715 1041 1755; x_wconf 89' lang='lat' dir='ltr'>porro</span> <span class='ocrx_word' id='word_1_164' title='bbox 1067 1701 1210 1742; x_wconf 75' lang='lat' dir='ltr'>credas</span> <span class='ocrx_word' id='word_1_165' title='bbox 1240 1702 1460 1752; x_wconf 74' lang='lat' dir='ltr'>facturum,</span> 
     </span>
     <span class='ocr_line' id='line_1_39' title="bbox 739 1760 954 1811; baseline 0 -7"><span class='ocrx_word' id='word_1_166' title='bbox 739 1760 954 1811; x_wconf 84' lang='lat' dir='ltr'>Chremes,</span> 
     </span>
    </p>

    <p class='ocr_par' dir='ltr' id='par_1_25' title="bbox 289 1823 1461 1880">
     <span class='ocr_line' id='line_1_40' title="bbox 289 1823 1461 1880; baseline 0.005 -17"><span class='ocrx_word' id='word_1_167' title='bbox 289 1823 380 1864; x_wconf 79' lang='lat' dir='ltr'>Nisi</span> <span class='ocrx_word' id='word_1_168' title='bbox 405 1838 514 1872; x_wconf 89' lang='lat' dir='ltr'>eum,</span> <span class='ocrx_word' id='word_1_169' title='bbox 540 1831 742 1876; x_wconf 86' lang='lat' dir='ltr'>quantum</span> <span class='ocrx_word' id='word_1_170' title='bbox 763 1825 836 1865; x_wconf 84' lang='lat' dir='ltr'>tibi</span> <span class='ocrx_word' id='word_1_171' title='bbox 862 1825 951 1880; x_wconf 87' lang='lat' dir='ltr'>opis</span> <span class='ocrx_word' id='word_1_172' title='bbox 972 1825 1012 1865; x_wconf 88' lang='lat' dir='ltr'>di</span> <span class='ocrx_word' id='word_1_173' title='bbox 1033 1826 1146 1875; x_wconf 84' lang='lat' dir='ltr'>dant,</span> <span class='ocrx_word' id='word_1_174' title='bbox 1172 1828 1314 1868; x_wconf 84' lang='lat' dir='ltr'>se&#39;ruas</span> <span class='ocrx_word' id='word_1_175' title='bbox 1339 1827 1461 1869; x_wconf 82' lang='lat' dir='ltr'>casti-</span> 
     </span>
    </p>

    <p class='ocr_par' dir='ltr' id='par_1_26' title="bbox 303 1888 1011 1949">
     <span class='ocr_line' id='line_1_41' title="bbox 303 1888 1011 1949; baseline 0.004 -24"><span class='ocrx_word' id='word_1_176' title='bbox 303 1936 309 1945; x_wconf 49' lang='grc' dir='ltr'><strong><em>Ι</em></strong></span> <span class='ocrx_word' id='word_1_177' title='bbox 739 1889 816 1942; x_wconf 62' lang='lat' dir='ltr'>geis</span> <span class='ocrx_word' id='word_1_178' title='bbox 842 1888 1011 1949; x_wconf 76' lang='lat' dir='ltr'>mones?</span> 
     </span>
    </p>

    <p class='ocr_par' dir='ltr' id='par_1_27' title="bbox 286 1948 1460 2055">
     <span class='ocr_line' id='line_1_42' title="bbox 286 1948 1460 2004; baseline 0.006 -16"><span class='ocrx_word' id='word_1_179' title='bbox 286 1948 380 2003; x_wconf 84' lang='lat' dir='ltr'>Ego</span> <span class='ocrx_word' id='word_1_180' title='bbox 404 1948 511 1990; x_wconf 86' lang='lat' dir='ltr'>istuc</span> <span class='ocrx_word' id='word_1_181' title='bbox 536 1949 703 1990; x_wconf 88' lang='lat' dir='ltr'>curabo.</span> <span class='ocrx_word' id='word_1_182' title='bbox 755 1949 827 1991; x_wconf 70' lang='lat' dir='ltr'>SY.</span> <span class='ocrx_word' id='word_1_183' title='bbox 852 1950 986 2004; x_wconf 76' lang='lat' dir='ltr'>Atqui</span> <span class='ocrx_word' id='word_1_184' title='bbox 1010 1966 1134 2000; x_wconf 91' lang='lat' dir='ltr'>nunc,</span> <span class='ocrx_word' id='word_1_185' title='bbox 1161 1966 1243 2002; x_wconf 86' lang='lat' dir='ltr'>ere,</span> <span class='ocrx_word' id='word_1_186' title='bbox 1270 1952 1343 1994; x_wconf 81' lang='lat' dir='ltr'>tibi</span> <span class='ocrx_word' id='word_1_187' title='bbox 1369 1952 1460 1995; x_wconf 80' lang='lat' dir='ltr'>istic</span> 
     </span>
     <span class='ocr_line' id='line_1_43' title="bbox 739 2012 1125 2055; baseline 0.008 -3"><span class='ocrx_word' id='word_1_188' title='bbox 739 2012 1025 2054; x_wconf 67' lang='lat' dir='ltr'>adseruzindus</span> <span class='ocrx_word' id='word_1_189' title='bbox 1052 2022 1125 2055; x_wconf 83' lang='lat' dir='ltr'>est.</span> 
     </span>
    </p>

    <p class='ocr_par' dir='ltr' id='par_1_28' title="bbox 287 2071 1459 2193">
     <span class='ocr_line' id='line_1_44' title="bbox 287 2071 1459 2129; baseline 0.005 -15"><span class='ocrx_word' id='word_1_190' title='bbox 287 2073 393 2114; x_wconf 79' lang='lat' dir='ltr'>Fiet.</span> <span class='ocrx_word' id='word_1_191' title='bbox 432 2071 501 2115; x_wconf 78' lang='lat' dir='ltr'>SY.</span> <span class='ocrx_word' id='word_1_192' title='bbox 529 2072 576 2115; x_wconf 88' lang='lat' dir='ltr'>Si</span> <span class='ocrx_word' id='word_1_193' title='bbox 601 2074 756 2129; x_wconf 48' lang='lat' dir='ltr'>sapiri&amp;</span> <span class='ocrx_word' id='word_1_194' title='bbox 787 2090 885 2116; x_wconf 84' lang='lat' dir='ltr'>nam</span> <span class='ocrx_word' id='word_1_195' title='bbox 909 2075 1010 2116; x_wconf 89' lang='lat' dir='ltr'>mihi</span> <span class='ocrx_word' id='word_1_196' title='bbox 1034 2076 1116 2117; x_wconf 86' lang='lat' dir='ltr'>iam</span> <span class='ocrx_word' id='word_1_197' title='bbox 1142 2078 1279 2119; x_wconf 84' lang='lat' dir='ltr'>minus</span> <span class='ocrx_word' id='word_1_198' title='bbox 1303 2077 1459 2120; x_wconf 85' lang='lat' dir='ltr'>minus-</span> 
     </span>
     <span class='ocr_line' id='line_1_45' title="bbox 739 2138 1117 2193; baseline 0.005 -15"><span class='ocrx_word' id='word_1_199' title='bbox 739 2151 820 2191; x_wconf 86' lang='lat' dir='ltr'>que</span> <span class='ocrx_word' id='word_1_200' title='bbox 846 2138 1117 2193; x_wconf 71' lang='lat' dir='ltr'>obtemperat.</span> 
     </span>
    </p>

    <p class='ocr_par' dir='ltr' id='par_1_29' title="bbox 288 2198 1550 2318">
     <span class='ocr_line' id='line_1_46' title="bbox 288 2198 1550 2260; baseline 0.009 -22"><span class='ocrx_word' id='word_1_201' title='bbox 288 2198 402 2250; x_wconf 74' lang='lat' dir='ltr'>Quid</span> <span class='ocrx_word' id='word_1_202' title='bbox 431 2199 500 2239; x_wconf 84' lang='lat' dir='ltr'>tu?</span> <span class='ocrx_word' id='word_1_203' title='bbox 537 2199 685 2252; x_wconf 86' lang='lat' dir='ltr'>ecquid</span> <span class='ocrx_word' id='word_1_204' title='bbox 717 2200 767 2241; x_wconf 89' lang='lat' dir='ltr'>de</span> <span class='ocrx_word' id='word_1_205' title='bbox 797 2200 867 2242; x_wconf 70' lang='lat' dir='ltr'>illd</span> <span class='ocrx_word' id='word_1_206' title='bbox 894 2202 1006 2254; x_wconf 88' lang='lat' dir='ltr'>quod</span> <span class='ocrx_word' id='word_1_207' title='bbox 1032 2202 1190 2243; x_wconf 89' lang='lat' dir='ltr'>dudum</span> <span class='ocrx_word' id='word_1_208' title='bbox 1222 2204 1359 2244; x_wconf 71' lang='lat' dir='ltr'>tecum</span> <span class='ocrx_word' id='word_1_209' title='bbox 1391 2204 1459 2260; x_wconf 84' lang='lat' dir='ltr'>egi</span> <span class='ocrx_word' id='word_1_210' title='bbox 1483 2215 1550 2250; x_wconf 88' lang='lat'>595</span> 
     </span>
     <span class='ocr_line' id='line_1_47' title="bbox 737 2262 1030 2318; baseline 0.003 -15"><span class='ocrx_word' id='word_1_211' title='bbox 737 2263 871 2317; x_wconf 84' lang='lat' dir='ltr'>egisti,</span> <span class='ocrx_word' id='word_1_212' title='bbox 899 2262 1030 2318; x_wconf 84' lang='lat' dir='ltr'>Syre?</span> 
     </span>
    </p>

    <p class='ocr_par' dir='ltr' id='par_1_30' title="bbox 287 2323 1458 2429">
     <span class='ocr_line' id='line_1_48' title="bbox 287 2323 1458 2379; baseline 0.007 -16"><span class='ocrx_word' id='word_1_213' title='bbox 287 2323 522 2378; x_wconf 85' lang='lat' dir='ltr'>Re&#39;pperisti</span> <span class='ocrx_word' id='word_1_214' title='bbox 560 2324 633 2364; x_wconf 89' lang='lat' dir='ltr'>tibi</span> <span class='ocrx_word' id='word_1_215' title='bbox 676 2325 789 2378; x_wconf 87' lang='lat' dir='ltr'>quod</span> <span class='ocrx_word' id='word_1_216' title='bbox 823 2326 986 2379; x_wconf 76' lang='lat' dir='ltr'>placeat</span> <span class='ocrx_word' id='word_1_217' title='bbox 1021 2328 1075 2367; x_wconf 58' lang='lat' dir='ltr'>an</span> <span class='ocrx_word' id='word_1_218' title='bbox 1112 2327 1220 2369; x_wconf 86' lang='lat' dir='ltr'>non?</span> <span class='ocrx_word' id='word_1_219' title='bbox 1279 2327 1349 2371; x_wconf 71' lang='grc' dir='ltr'>ΞΥ.</span> <span class='ocrx_word' id='word_1_220' title='bbox 1390 2328 1458 2371; x_wconf 91' lang='lat' dir='ltr'>De</span> 
     </span>
     <span class='ocr_line' id='line_1_49' title="bbox 736 2387 901 2429; baseline 0 -1"><span class='ocrx_word' id='word_1_221' title='bbox 736 2387 901 2429; x_wconf 61' lang='lat' dir='ltr'>salleioia</span> 
     </span>
    </p>

    <p class='ocr_par' dir='ltr' id='par_1_31' title="bbox 288 2447 1456 2565">
     <span class='ocr_line' id='line_1_50' title="bbox 288 2447 1456 2509; baseline 0.006 -21"><span class='ocrx_word' id='word_1_222' title='bbox 288 2447 429 2489; x_wconf 86' lang='lat' dir='ltr'>Dicis?</span> <span class='ocrx_word' id='word_1_223' title='bbox 466 2455 545 2490; x_wconf 84' lang='lat' dir='ltr'>est:</span> <span class='ocrx_word' id='word_1_224' title='bbox 583 2448 724 2490; x_wconf 79' lang='lat' dir='ltr'>inueni</span> <span class='ocrx_word' id='word_1_225' title='bbox 760 2465 894 2505; x_wconf 89' lang='lat' dir='ltr'>nuper</span> <span class='ocrx_word' id='word_1_226' title='bbox 925 2451 1148 2504; x_wconf 54' lang='lat' dir='ltr'>quendam.</span> <span class='ocrx_word' id='word_1_227' title='bbox 1210 2450 1288 2494; x_wconf 79' lang='lat' dir='ltr'>CH.</span> <span class='ocrx_word' id='word_1_228' title='bbox 1325 2453 1456 2509; x_wconf 79' lang='lat' dir='ltr'>Frugi</span> 
     </span>
     <span class='ocr_line' id='line_1_51' title="bbox 735 2512 1163 2565; baseline 0.007 -13"><span class='ocrx_word' id='word_1_229' title='bbox 735 2527 791 2553; x_wconf 89' lang='lat' dir='ltr'>es.</span> <span class='ocrx_word' id='word_1_230' title='bbox 824 2512 926 2553; x_wconf 82' lang='lat' dir='ltr'>ce&#39;do</span> <span class='ocrx_word' id='word_1_231' title='bbox 951 2513 1052 2565; x_wconf 88' lang='lat' dir='ltr'>quid</span> <span class='ocrx_word' id='word_1_232' title='bbox 1077 2514 1163 2555; x_wconf 83' lang='lat' dir='ltr'>est?</span> 
     </span>
    </p>

    <p class='ocr_par' dir='ltr' id='par_1_32' title="bbox 285 2573 1456 2691">
     <span class='ocr_line' id='line_1_52' title="bbox 285 2573 1456 2631; baseline 0.006 -17"><span class='ocrx_word' id='word_1_233' title='bbox 285 2573 449 2622; x_wconf 84' lang='lat' dir='ltr'>Dicam,</span> <span class='ocrx_word' id='word_1_234' title='bbox 475 2589 620 2615; x_wconf 87' lang='lat' dir='ltr'>uerum</span> <span class='ocrx_word' id='word_1_235' title='bbox 647 2582 693 2615; x_wconf 86' lang='lat' dir='ltr'>ut</span> <span class='ocrx_word' id='word_1_236' title='bbox 716 2574 829 2615; x_wconf 53' lang='lat' dir='ltr'>{iliud</span> <span class='ocrx_word' id='word_1_237' title='bbox 855 2590 905 2615; x_wconf 87' lang='lat' dir='ltr'>ex</span> <span class='ocrx_word' id='word_1_238' title='bbox 930 2575 1010 2615; x_wconf 84' lang='lat' dir='ltr'>alio</span> <span class='ocrx_word' id='word_1_239' title='bbox 1036 2576 1191 2618; x_wconf 81' lang='lat' dir='ltr'>incidit.</span> <span class='ocrx_word' id='word_1_240' title='bbox 1236 2576 1314 2620; x_wconf 76' lang='lat' dir='ltr'>Cn.</span> <span class='ocrx_word' id='word_1_241' title='bbox 1343 2578 1456 2631; x_wconf 76' lang='lat' dir='ltr'>Quid</span> 
     </span>
     <span class='ocr_line' id='line_1_53' title="bbox 736 2635 1005 2691; baseline 0 -13"><span class='ocrx_word' id='word_1_242' title='bbox 736 2638 846 2686; x_wconf 75' lang='lat' dir='ltr'>mim,</span> <span class='ocrx_word' id='word_1_243' title='bbox 874 2635 1005 2691; x_wconf 80' lang='lat' dir='ltr'>Syre?</span> 
     </span>
    </p>
   </div>
  </div>
 </body>
</html>
