1700 2984
278 208 356 252 158
801 217 1031 254 PHoRMlo
1552 220 1582 265 1,
1597 220 1619 255 4

387 300 516 342 Recte
542 315 620 355 ego
645 299 745 340 mihi
769 299 967 341 uidissem
992 306 1031 340 et
1055 300 1163 341 senis
1189 314 1321 342 essem
1345 301 1456 341 ultus
1476 300 1555 341 ira-

836 362 1048 403 cundiam:

184 429 252 465 190
389 412 562 479 Aliquid
583 426 874 466 conuasassem
892 432 1016 478 atque
1030 424 1125 466 hinc
1139 439 1205 466 me
1219 425 1447 467 conicerem
1461 439 1555 481 pro-

838 486 967 528 tinam
989 488 1033 528 in
1057 488 1197 542 pedes.

274 551 354 591 AN.
387 550 527 601 Quam
550 565 645 590 nam
670 549 736 591 hic
760 549 905 604 fugam
930 558 1001 591 aut
1025 550 1182 591 furtum
1207 551 1350 605 parat?

276 611 356 654 Gn.
389 611 475 654 Sed
500 612 573 653 ubi
592 599 881 667 Antiphonem
904 613 1131 667 reperiam?
1156 621 1227 654 aut
1254 628 1337 667 qua
1355 615 1554 667 quaerere
1573 625 1605 650 15

834 675 1022 716 insistam
1046 676 1139 717 uia?

272 736 350 779 ΡΗ.
383 737 445 779 Te
463 737 659 779 nominat.
689 738 770 779 AN.
790 737 943 779 Nescio
963 737 1075 792 quod
1093 753 1293 793 magnum
1313 738 1392 779 hoo
1410 736 1554 778 nt'mtio

838 802 1011 855 expecto
1035 801 1204 842 malum.
1263 801 1341 841 PH.
1379 800 1463 841 Ah.

388 861 600 918 [Sanusne
621 877 664 904 es
673 861 708 917 ?]
749 861 829 905 GE.
856 862 1042 904 Domum
1062 865 1122 904 ire
1141 878 1332 918 pergam:
1352 863 1409 903 ibi
1428 862 1554 917 pluri-

835 934 1002 966 mumst.
1040 926 1117 966 ΡΗ.
1140 925 1404 966 Βθιιοοόηωε
1423 924 1555 965 homi-

834 1002 943 1028 nema
982 987 1062 1028 AN.
1085 986 1161 1029 Sta
1178 987 1287 1028 ilico.
1327 986 1404 1028 GE.
1427 987 1552 1047 Hem,

182 1051 246 1086 196
386 1048 498 1091 Satis
511 1063 585 1104 pro
599 1049 785 1104 imperio,
799 1049 987 1103 quisquis
1002 1064 1058 1090 es.
1084 1050 1164 1090 AN.
1176 1048 1298 1090 Geta.
1326 1048 1404 1091 Gn.
1418 1049 1555 1103 Ipsest

836 1126 961 1165 quem
986 1111 1101 1152 uolui
1125 1112 1304 1152 obuiam.

272 1175 352 1215 AN.
386 1172 522 1223 Cedo,
554 1173 654 1228 quid
684 1181 842 1228 portas,
879 1174 1074 1215 obsecro?
1111 1185 1235 1228 atque
1265 1174 1320 1223 id,
1358 1174 1392 1215 si
1421 1182 1552 1229 potes,

835 1237 964 1278 uerbo
989 1236 1152 1290 expedi.

281 1302 361 1345 Gn.
389 1300 573 1342 Faciam.
604 1300 685 1340 AN,
706 1298 927 1352 Eloquere.
961 1297 1038 1339 Gn.
1059 1298 1191 1340 Modo
1205 1297 1316 1352 apud
1335 1304 1499 1350 portum
1513 1328 1522 1338 .
1538 1328 1548 1339 .
1572 1311 1606 1336 20

832 1360 912 1401 AN.
944 1359 1170 1401 Meumne?
1219 1358 1296 1400 Gr.
1329 1359 1550 1400 Intellexti.

828 1422 910 1462 AN.
951 1407 1115 1463 occidi.
1163 1421 1242 1462 PH.
1280 1422 1405 1462 Hem.

270 1485 350 1525 AN.
383 1482 498 1536 Quid
524 1484 671 1538 agam?
718 1483 796 1525 PH.
836 1483 953 1536 Quid
977 1484 1061 1525 ais?
1111 1483 1190 1525 GE.
1227 1484 1367 1524 Huius
1392 1491 1552 1538 patrem

830 1547 983 1588 uidisse
1003 1561 1082 1595 me,
1111 1544 1188 1601 [et]
1210 1546 1399 1601 patruom
1421 1554 1549 1587 tuom.

178 1611 246 1646 200
271 1609 350 1650 AN.
383 1608 492 1649 Nam
518 1608 632 1662 quod
657 1623 735 1664 ego
761 1608 859 1650 huic
884 1623 995 1650 nunc
1021 1608 1157 1650 subito
1179 1608 1304 1650 exitio
1323 1609 1552 1649 remedium

830 1671 1039 1713 inueniam
1066 1670 1215 1712 miser?

383 1732 506 1785 Quod
531 1732 565 1774 si
590 1747 639 1774 eo
664 1748 781 1775 meae
801 1734 992 1775 fortunae
1016 1733 1204 1783 redeunt,
1228 1732 1451 1783 Phanium,
1477 1733 1550 1774 abs

831 1803 871 1837 te
895 1803 942 1836 ut
965 1795 1183 1844 distrahar,

379 1857 544 1899 Nullast
580 1857 681 1898 mihi
717 1857 803 1899 uita
839 1858 1084 1913 expetenda.
1146 1857 1224 1919 Gn.
1269 1857 1384 1913 Ergo
1418 1859 1547 1899 istaec

832 1934 959 1973 quom
984 1921 1041 1961 ita
1066 1920 1160 1969 sint,
1186 1919 1388 1975 Antipho,

379 1982 516 2024 Tanto
545 1982 679 2038 magis
711 1989 750 2024 te
782 1983 1011 2038 aduigilare
1042 1991 1278 2036 aequomst:
1315 1982 1430 2023 fortis
1467 1982 1551 2024 for-
1568 1995 1601 2020 25

828 2053 930 2086 tuna
953 2045 1136 2086 adiuuat.

267 2109 347 2150 AN.
377 2107 472 2149 Non
508 2122 601 2148 sum
638 2107 751 2162 apud
786 2122 864 2149 me.
927 2106 1006 2149 Gn.
1045 2107 1180 2161 Atqui
1209 2108 1313 2162 opus
1348 2114 1409 2148 est
1439 2122 1550 2148 nuno

829 2184 957 2224 quom
975 2172 1171 2211 maxume
1190 2178 1235 2211 ut
1255 2170 1322 2218 sis,
1342 2157 1530 2224 Antipho
1538 2186 1548 2219 3

175 2242 243 2277 205
381 2232 491 2274 Nam
512 2232 547 2273 si
566 2233 738 2274 senserit
757 2240 797 2274 te
817 2232 1008 2273 timidum
1028 2235 1145 2286 pater
1165 2247 1268 2282 esse,
1284 2232 1550 2273 arbitrabitur

380 2293 687 2336 Commeruisse
709 2295 886 2350 eulpam.
917 2295 994 2335 ΡΗ.
1016 2295 1111 2335 Hoc
1131 2302 1328 2336 uerumst.
1356 2295 1435 2335 AN.
1455 2294 1550 2335 Non

828 2371 998 2411 possum
1021 2356 1277 2397 inmutarier.

266 2417 344 2461 GE.
377 2418 492 2470 Quid
516 2418 688 2467 faceres,
721 2418 755 2459 si
787 2418 899 2459 aliud
928 2417 1029 2471 quid
1059 2418 1228 2473 grauius
1253 2417 1327 2458 tibi
1351 2432 1463 2459 nunc
1487 2417 1549 2459 fa-

828 2480 1027 2522 ciundum
1052 2480 1182 2521 foret?

264 2544 345 2584 AN.
378 2542 520 2595 Quom
545 2542 621 2584 hoo
645 2557 728 2584 non
754 2557 938 2598 possum,
964 2542 1066 2583 illud
1090 2543 1226 2583 minus
1251 2557 1429 2597 possem.
1469 2541 1547 2584 GE.
1567 2554 1599 2580 30

828 2606 922 2646 Hoc
947 2605 1004 2645 nfl
1029 2613 1105 2654 est,
1131 2604 1358 2647 Phaedria:
1383 2604 1507 2646 ilicet.

376 2667 489 2721 Quid
504 2668 569 2710 hio
584 2668 833 2711 conterimus
845 2669 1011 2723 operam
1023 2668 1202 2709 frustra?
1215 2670 1316 2722 quin
1329 2668 1456 2709 abeo?
1469 2667 1545 2709 PH.

824 2731 878 2773 Et
905 2730 1072 2786 quidem
1094 2731 1197 2786 ego?
1233 2731 1313 2772 As.
1342 2716 1546 2780 Obsecro,
