1700 2984
151 137 196 182 V,
213 138 234 173 2
533 137 779 173 HEAVTON
804 134 1171 171 TIMORVMENOS
1435 125 1488 166 93

219 217 292 261 CL.
328 207 474 261 Emori
504 218 639 273 cupid.
701 216 778 260 Cn.
809 217 933 258 Prius
965 230 1120 270 quaeso
1151 215 1278 264 disce,
1308 215 1409 270 quid
1440 215 1489 256 sit

348 330 356 342 Ι
775 281 930 321 uiuere.

326 342 412 403 Vbi
443 343 561 392 scies,
588 342 622 383 si
646 341 879 397 displicebit
904 342 1002 389 uita,
1029 347 1116 381 tum
1140 340 1243 380 istoc
1267 340 1404 380 utitor.

166 417 200 442 20
218 404 288 448 SY.
324 406 422 455 Ere,
447 405 621 447 licetne?
647 403 724 446 Cn.
748 404 957 458 quuere.
990 402 1061 446 SY.
1083 403 1142 443 At
1167 409 1268 443 tuto.
1300 400 1380 443 Cn.
1405 402 1492 443 Lc-

773 481 912 520 quere.
946 464 1017 507 SY.
1032 464 1154 518 Quae
1173 464 1290 505 istast
1308 464 1491 520 prauitas

329 528 504 581 Quaene
534 528 770 577 amentizist,
802 528 914 582 quod
938 527 1109 589 peccaui
1138 528 1236 581 egO,
1274 526 1317 567 id
1347 526 1493 568 obesse

770 590 890 632 huic?
939 589 1017 631 Cn.
1042 589 1172 631 Ilicet.

327 654 392 695 Ne
417 661 456 696 te
482 653 682 695 admisce:
719 654 841 694 nemo
873 660 1058 702 accusat,
1091 651 1215 706 Syre,
1247 658 1305 692 te:
1342 665 1417 692 nec
1448 657 1494 692 tu
1517 652 1584 687 975

774 717 888 756 aram
913 715 987 756 tibi

327 778 416 820 Nec
441 779 698 834 precatorem
722 777 893 833 pararis.
938 776 1009 819 SY.
1036 776 1150 829 Quid
1170 776 1284 832 agis?
1321 773 1399 817 Cn.
1425 774 1494 816 Nil

775 842 997 882 suscenseo

327 903 417 945 Nec
458 902 534 944 tibi
575 917 652 945 nec
688 903 782 952 tibi3
824 917 901 944 nec
942 917 1017 943 uos
1060 909 1121 944 est
1164 902 1340 955 aequom
1382 898 1495 953 quod

774 965 882 1006 facie>
907 964 1020 1006 mihi.

607 1147 864 1189 CLJTJPHO
947 1145 1048 1187 Syn
1065 1158 1113 1184 vs

616 1217 838 1245 ADVLESCENS
956 1217 1021 1243 sm
1028 1217 1086 1243 vos

165 1290 197 1315 25
217 1278 286 1320 SY.
322 1265 465 1319 Abiit?
494 1277 591 1326 uah,
615 1278 785 1331 rogasse
810 1276 974 1325 uellem,
1011 1274 1086 1316 CL.
1113 1274 1251 1326 Quid?
1289 1273 1360 1317 Sy.
1385 1274 1496 1315 unde

337 1390 344 1400 .
774 1338 831 1379 mi
855 1339 1039 1393 peterem
1064 1338 1221 1378 cibum:

326 1402 392 1444 Ita
425 1417 500 1443 nos
537 1401 746 1442 alienauit.
784 1400 858 1441 tibi
893 1401 976 1441 iam
1011 1415 1100 1442 esse
1131 1399 1183 1440 ad
1220 1413 1401 1441 sororem
1433 1398 1496 1439 in—

776 1463 940 1518 tellegO.

216 1526 291 1569 CL.
328 1527 480 1569 Adedn
515 1542 603 1568 rem
639 1525 823 1574 rediisse,
859 1526 906 1566 ut
941 1525 1140 1580 periclum
1178 1525 1300 1566 etiam
1331 1526 1357 1565 a
1385 1524 1495 1566 fame
1520 1530 1586 1565 980

776 1587 876 1629 mihi
901 1589 965 1636 sit,
992 1587 1118 1642 Syre!

218 1652 288 1694 SY.
325 1652 457 1693 Modo
482 1653 604 1694 liceat
626 1651 784 1700 uiuere,
810 1652 871 1691 est
896 1666 989 1705 spes
1039 1649 1111 1691 CL.
1140 1649 1286 1702 Quae?
1324 1650 1394 1692 Sv.
1420 1664 1495 1691 nos

776 1713 1001 1754 esuriturcs
1028 1712 1140 1753 satis.

218 1776 292 1819 CL.
330 1777 491 1818 Inrides
522 1777 564 1817 in
595 1791 639 1818 re
669 1777 785 1817 tanta
813 1790 948 1829 neque
979 1790 1046 1816 me
1077 1775 1244 1816 cdnsilio
1273 1774 1496 1828 quicquam

775 1838 976 1879 adiuuas?

166 1916 198 1940 30
219 1902 289 1944 Sy.
328 1903 461 1942 Immo
492 1903 533 1942 c't
562 1901 621 1942 ibi
651 1915 763 1942 nunc
794 1916 885 1941 sum
916 1907 957 1941 et
986 1900 1119 1953 iisque
1149 1899 1191 1940 id
1222 1899 1289 1954 egi
1325 1899 1495 1948 dudum,

776 1963 873 2004 dum
900 1963 1081 2016 loquitur
1105 1970 1240 2017 pater3

327 2027 383 2068 Et
407 2029 610 2080 quantum
637 2041 714 2081 ego
746 2026 986 2081 intellegere
1017 2040 1200 2080 possum,
1250 2023 1324 2066 CL.
1358 2024 1495 2076 Quid?

780 2087 851 2129 SY.
877 2103 960 2128 non
985 2087 1117 2129 aberit
1141 2088 1319 2143 lcngius.

221 2151 296 2194 CL.
338 2151 454 2204 Quid
488 2149 566 2207 [id]
602 2151 726 2206 ergo?
786 2150 857 2192 SY.
891 2150 963 2192 Sic
993 2157 1070 2191 est:
1106 2151 1190 2192 ndn
1226 2165 1315 2191 esse
1350 2150 1498 2191 horum
1521 2154 1588 2190 985

777 2220 817 2254 te
853 2213 1041 2254 arbitror.
1108 2211 1182 2253 CL.
1220 2211 1336 2265 Quid
1376 2213 1496 2262 istuc,

782 2274 914 2330 Syre?

333 2339 451 2381 Satin
477 2341 600 2379 sanus
627 2339 695 2380 es?
726 2336 798 2379 SY.
818 2337 911 2392 Ego
931 2336 1078 2385 dicam,
1104 2337 1216 2390 quod
1236 2336 1291 2377 mi
1316 2336 1358 2377 in
1383 2338 1499 2378 men-

779 2407 919 2442 temst:
945 2406 991 2440 tu
1016 2400 1207 2440 diiudica.

331 2463 448 2504 Dum
489 2463 576 2504 istis
613 2463 727 2504 fuisti
768 2463 898 2511 sdlus,
948 2462 1047 2502 dum
1088 2462 1202 2504 nulla
1241 2462 1323 2503 alia
1364 2461 1499 2503 delec-

781 2525 895 2574 tatio,

170 2600 203 2626 35
346 2587 467 2639 Quae
491 2588 658 2642 prcpior
683 2594 802 2636 esset,
835 2595 875 2628 te
904 2586 1190 2642 indulgebant,
1220 2586 1294 2628 tibi
1325 2586 1477 2628 dabant
1487 2602 1498 2636 3

781 2664 894 2691 nunc
918 2648 1006 2690 filia
