1664 2984
152 144 220 173 XII
756 152 980 179 PRAEFATIO

149 223 346 256 retractata
383 221 606 266 Parisinum,
645 223 853 258 Ambrosia·
879 228 915 259 et
931 224 1008 259 eius
1024 225 1208 271 proprium
1220 225 1402 271 quoddam
1417 223 1584 270 pretium,

150 277 252 309 num,
278 266 513 311 Vaticanum,
542 268 855 314 similespicturis
880 273 916 304 et
958 271 1054 315 quod
1094 271 1304 316 plerumque
1345 282 1427 305 cum
1463 280 1584 304 recen-

150 315 307 353 ornatos,
336 323 451 357 nuper
478 313 625 357 quidem
654 314 735 356 (Rh.
762 314 852 348 Mus.
880 315 979 350 sione
1006 331 1027 362 y
1055 316 1238 362 congruit,
1268 315 1477 361 explicatur.
1527 314 1586 348 via

150 356 356 392 XXXVIII
381 358 572 402 317—347)
601 359 762 404 pleniore
785 359 855 393 dis—
880 364 1019 404 autem,
1065 372 1137 406 qua
1183 372 1263 396 eam
1300 359 1585 395 transformatio-

149 402 355 480 putatione,
388 414 481 447 quae
513 407 660 438 externo
693 405 855 439 codicum
881 416 962 439 nem
985 417 1212 452 progressam
1231 417 1310 440 esse
1333 409 1510 451 putemus,
1532 404 1585 438 fa-

176 447 277 481 abitu
294 451 331 482 et
343 448 623 483 didascaliarum
635 450 776 484 ratione
794 460 855 494 po·
881 450 950 484 cile
966 454 1078 495 patet,
1101 451 1131 485 si
1149 451 1428 493 consideramus,
1453 453 1586 494 quanto

150 491 326 527 tissimum
344 493 471 527 nititur
487 493 623 528 Donati
648 494 856 529 commentis
881 505 989 540 opere
1005 496 1085 541 ipse
1101 496 1298 530 Bembinus
1314 507 1336 530 a
1352 495 1489 530 recenti
1511 505 1585 529 cor-

150 537 256 572 simul
287 538 324 572 in
363 539 535 572 auxilium
565 540 721 584 vocatis,
760 539 857 573 idem
881 543 1019 575 rectore
1036 545 1141 584 (saec.
1161 541 1258 585 XV),
1283 541 1345 586 qui
1363 539 1586 586 Calliopiano

151 583 386 628 comprobare
425 584 572 618 studuit.

622 589 731 630 atque
767 585 856 619 duas
882 585 1004 629 aliquo
1022 586 1145 620 codice
1158 598 1243 620 usus
1257 591 1322 628 est,
1339 586 1511 629 radendo,
1529 596 1586 620 ex-

149 627 241 670 illas,
265 639 357 672 quae
380 627 550 674 Calliopii
572 640 701 664 nomen
725 630 856 673 ferunt,
882 631 1096 709 pungendo,
1129 631 1447 676 superscribendo,
1479 631 1586 664 corri-

149 672 307 707 familias
326 673 468 708 diversa
487 675 624 709 ratione
641 674 784 709 fabulas
802 685 855 708 or—

150 718 299 752 dinandi
321 739 364 744 —
385 719 478 753 alter
501 720 588 754 ordo
611 720 661 761 (in
681 720 714 764 ὃ)
731 721 856 765 alpha-

149 762 290 797 beticus
319 767 390 806 est,
421 764 513 799 alter
541 765 592 807 (in
619 768 652 812 y)
684 776 725 800 ex
754 769 857 810 parte

149 808 424 854 chronologicus
456 831 498 835 —-
532 813 641 855 atque
675 821 729 853 eo,
762 811 857 855 quod

151 854 268 888 altera
299 857 439 888 tantum
471 858 517 901 (y)
549 856 699 900 picturis
733 859 859 890 ornata

150 902 262 941 esset,
299 899 395 934 inter
428 911 466 934 se
499 900 634 934 distare
667 904 765 935 recte
798 901 857 935 de—

149 948 368 979 monstrasse
411 945 500 978 mihi
537 946 695 989 videtur,
739 946 776 980 in
816 957 857 980 eo

149 992 283 1033 autem,
302 992 398 1035 quod
415 994 525 1035 caput
543 994 606 1034 est,
624 1002 695 1025 non
712 1002 857 1036 possum

150 1045 232 1068 cum
250 1045 291 1069 eo
314 1035 447 1069 facere.
498 1036 638 1070 duobus
660 1037 753 1070 enim
777 1047 857 1071 cen-

150 1079 290 1114 soribus
307 1080 359 1114 ita
375 1080 478 1115 nobis
493 1092 582 1126 opus
596 1085 662 1125 est,
682 1080 858 1126 Calliopio

151 1129 188 1159 et
215 1125 287 1159 alio
315 1125 391 1159 viro
425 1127 661 1170 grammatico
693 1130 859 1172 posterae

150 1171 292 1214 aetatis,
323 1172 423 1205 cuius
446 1182 576 1206 nomen
599 1177 661 1206 aut
682 1182 859 1216 nusquam

149 1216 344 1251 memoriae
357 1216 531 1250 traditum
545 1228 623 1251 esse
637 1221 700 1250 aut
717 1229 860 1262 prorsus

151 1272 171 1295 e
185 1261 370 1295 codicibus
384 1263 572 1297 evanuisse
586 1263 787 1307 putandum
801 1263 857 1296 sit.

151 1307 248 1350 quod
276 1317 360 1340 vero
393 1307 537 1352 gravius
567 1312 633 1351 est,
666 1308 860 1352 permirum

151 1351 208 1396 sit,
239 1352 268 1385 si
296 1351 357 1386 ille
380 1353 473 1386 alter
501 1353 769 1398 grammaticus,
799 1354 859 1397 qui

151 1408 195 1430 ex
207 1400 349 1431 vetusto
366 1398 490 1432 codice
507 1398 640 1432 tradito
659 1399 859 1432 comoedia—

150 1453 230 1476 rum
258 1442 376 1476 ordini
404 1443 514 1477 alium
539 1443 726 1477 substituit
749 1448 785 1478 et
806 1444 858 1477 in-

151 1487 292 1533 signem
329 1488 552 1532 picturarum
592 1493 757 1523 ornatum
797 1490 858 1523 ad-

153 1533 263 1576 didit,
295 1543 367 1566 non
398 1533 486 1568 item
522 1537 660 1568 textum
698 1535 858 1569 indidem

152 1578 415 1622 emendaverit,
456 1579 521 1613 sed
548 1580 668 1624 potius
704 1591 768 1624 pro
804 1592 857 1614 ar-

150 1623 289 1658 bitratu
331 1625 524 1659 mutaverit
564 1628 600 1659 et
645 1625 857 1670 corruperit.

150 1668 287 1703 Donati
310 1673 431 1703 autem
459 1670 680 1714 commentis,
711 1682 858 1715 quorum

151 1714 245 1748 ratio
261 1726 305 1749 ac
327 1715 492 1748 condicio
513 1716 672 1749 nondum
696 1716 783 1749 satis
802 1727 858 1750 ex-

178 1759 294 1794 lorata
324 1761 382 1794 vel
413 1761 593 1795 illustrata
625 1765 690 1804 est,
722 1761 759 1795 in
790 1762 859 1795 hac

166 1805 292 1840 ubrica
320 1806 530 1850 quaestione
558 1806 611 1840 uti
640 1806 856 1840 dubitamus.

153 1850 351 1895 simplicius
364 1851 477 1896 igitur
488 1863 530 1886 ac
543 1851 767 1896 probabilius
782 1863 859 1886 esse

153 1895 257 1939 duco,
287 1896 317 1929 si
345 1907 426 1930 cum
455 1895 667 1931 Schindlero
696 1898 718 1930 1.
750 1908 793 1940 c.,
822 1897 858 1931 id

153 1941 249 1984 quod
271 1941 342 1975 iam
366 1945 474 1976 antea
497 1942 592 1983 (Jen.
611 1942 683 1976 Lit.
704 1943 860 1988 Zeitung

154 1987 242 2021 1879
269 1999 305 2031 p.
325 1986 403 2029 122)
427 1986 733 2032 significaveram,
757 1989 859 2022 nobis

181 2032 413 2066 ersuademus
428 2036 574 2077 praeter
589 2033 805 2067 Bembinum
825 2038 860 2067 et

153 2044 325 2122 galliopii
337 2078 583 2112 recensionem
594 2080 740 2113 tertium
751 2090 858 2123 quen-

156 2123 239 2156 dam
261 2124 409 2166 fontem,
439 2134 461 2157 a
484 2123 670 2166 Bembino,
696 2124 792 2168 quod
814 2125 859 2158 ad

152 2172 291 2202 textum
319 2169 466 2212 attinet,
495 2169 604 2213 paulo
631 2169 778 2214 propius
808 2170 857 2202 di-

154 2217 321 2257 stantem,
344 2213 449 2248 nobis
472 2215 739 2259 agnoscendum
764 2226 858 2248 esse:

153 2258 858 2303 undeVictorianifamiliamitafluxisse,

153 2307 194 2337 ut
211 2303 379 2349 Calliopii
400 2305 562 2339 recensio
584 2305 692 2350 vulgo
714 2309 861 2350 recepta

154 2349 335 2395 gradatim
352 2349 469 2395 magis
492 2350 528 2383 in
553 2361 633 2384 eam
655 2354 859 2395 penetraret

153 2394 379 2439 maximeque
396 2398 497 2429 textu
515 2400 713 2440 exaequato
731 2396 785 2429 vel
799 2407 859 2430 no-

154 2451 235 2474 men
258 2451 361 2474 suum
390 2440 493 2474 alteri
521 2440 682 2475 familiae
705 2441 857 2475 inderet.

153 2485 206 2519 ita
219 2486 404 2530 aptissime
419 2490 454 2519 et
467 2486 662 2520 similitudo
676 2487 748 2529 illa,
768 2497 860 2530 quae

155 2534 209 2565 est
221 2530 381 2565 familiae
390 2529 498 2565 &eum
513 2532 688 2566 Bembino
703 2533 859 2574 codice³³‚

909 686 953 709 en
982 686 1002 709 ο
1033 679 1190 710 mutatus
1228 676 1274 710 sit
1306 678 1350 718 (v.
1385 675 1509 721 Umpf.
1549 688 1584 720 p.

882 687 938 754 {ss
956 725 1032 765 sq.).
1077 721 1174 754 idem
1197 721 1226 755 si
1250 721 1465 766 compluries
1488 721 1586 755 dein-

883 776 968 810 ceps
986 766 1175 809 evenisset,
1192 766 1304 801 multo
1318 766 1426 801 etiam
1443 766 1586 811 saepius

883 821 990 855 quam
1018 822 1113 845 nunc
1141 811 1296 856 pristina
1322 812 1500 856 scriptura
1527 812 1587 845 de-

882 856 956 890 leta
973 856 1222 900 Calliopianae
1238 856 1440 890 recensioni
1462 856 1588 890 similis

882 901 989 936 lectio
1018 901 1210 945 extitisset,
1243 912 1326 935 nam
1353 911 1481 935 nomen
1512 902 1589 935 eius

884 947 1040 980 nondum
1067 947 1105 980 in
1139 947 1255 991 ipsam
1289 946 1589 991 subscriptionem

883 992 1071 1036 irrepsisse
1088 991 1235 1026 fortuito
1258 991 1374 1038 magis
1392 1002 1499 1036 quam
1523 1003 1588 1037 pu-

884 1038 969 1070 dore
1003 1037 1144 1071 librarii
1181 1037 1317 1071 factum
1352 1047 1430 1071 esse
1470 1037 1588 1071 existi-

884 1093 1032 1116 mamus.
1071 1086 1180 1126 atque
1210 1083 1353 1116 codices
1380 1081 1540 1116 familiae
1568 1081 1590 1115 δ

884 1128 992 1172 ipsos,
1011 1138 1080 1172 quo
1092 1128 1305 1161 vetustiores
1320 1128 1402 1170 sint,
1416 1138 1458 1162 eo
1472 1127 1589 1173 magis

885 1184 906 1207 a
939 1176 1137 1207 ceterorum
1171 1172 1475 1218 Calliopianorum
1507 1184 1588 1207 con-

885 1229 991 1252 sensu
1007 1219 1177 1252 recedere
1190 1218 1364 1262 videmus,
1383 1222 1420 1252 et
1432 1219 1590 1253 secunda

885 1264 1095 1308 plerumque
1118 1275 1243 1297 manus
1266 1263 1304 1297 in
1327 1264 1378 1297 eis
1395 1262 1589 1308 Calliopia-

884 1320 1010 1342 norum
1027 1309 1199 1343 lectiones
1217 1309 1400 1343 addidisse
1416 1309 1588 1353 refertur3

886 1355 1042 1398 denique
1057 1355 1103 1388 ab
1116 1354 1236 1388 indole
1249 1354 1477 1388 librariorum
1492 1355 1589 1388 illius

884 1400 1015 1433 aetatis
1032 1400 1225 1434 abhorrere
1249 1403 1335 1444 puto
1359 1399 1501 1434 codices
1517 1399 1589 1433 iam

883 1456 1051 1479 recensos
1083 1448 1120 1479 et
1153 1445 1200 1479 ad
1239 1445 1403 1490 exempla
1439 1444 1589 1479 alicuius

885 1491 1037 1524 celebris
1075 1490 1304 1535 grammatici
1336 1490 1589 1535 transscriptos

884 1548 926 1569 ex
943 1536 1014 1569 alio
1032 1536 1179 1580 antiquo
1196 1539 1304 1580 atque
1318 1546 1475 1569 errorum
1491 1545 1589 1569 men-

884 1582 1079 1625 dorumque
1094 1581 1200 1626 pleno
1213 1580 1337 1616 codice
1344 1580 1453 1615 variis
1465 1581 1589 1615 lectio·

884 1626 989 1660 nibus
1009 1637 1167 1661 onerare.
1281 1633 1286 1636 ”

928 1671 1031 1705 Haec
1069 1672 1181 1717 igitur
1217 1682 1325 1716 quam
1362 1671 1589 1716 exposuimus

884 1717 975 1751 ratio
1003 1717 1176 1751 librorum
1204 1717 1527 1761 manuscriptorum
1550 1717 1588 1750 in

884 1763 1112 1797 recensendis
1156 1762 1289 1797 fabulis
1331 1762 1435 1796 nobis
1477 1763 1588 1806 respi-

884 1807 1012 1842 cienda
1034 1808 1330 1851 observandaque
1354 1807 1431 1841 erit.
1485 1807 1587 1840 nimi-

883 1864 962 1886 rum
994 1857 1113 1887 autem
1146 1864 1216 1887 non
1254 1852 1389 1886 sufficit
1425 1852 1589 1886 codicum

884 1898 1109 1942 lectionibus,
1139 1909 1231 1943 quae
1257 1898 1401 1943 quidem
1428 1897 1521 1931 inter
1550 1909 1588 1932 se

885 1943 1107 1988 discrepant,
1157 1944 1351 1989 diligenter
1397 1943 1588 1988 pensitatis

884 2000 992 2023 unam
1009 1989 1204 2023 alteramve
1223 1989 1368 2034 eligere,
1387 1989 1450 2022 sed
1465 1999 1587 2034 saepe-

884 2045 1030 2069 numero
1057 2035 1113 2069 vel
1146 2034 1402 2069 sententiarum
1434 2045 1589 2068 conexus

884 2080 940 2114 vel
987 2091 1071 2113 usus
1118 2080 1288 2124 loquendi
1335 2080 1587 2123 Terentianus,

885 2125 1142 2170 grammaticae
1164 2126 1221 2158 vel
1241 2125 1394 2169 denique
1418 2125 1589 2159 metricae

885 2171 1154 2216 rhythmicaeve
1176 2170 1333 2204 rationes
1356 2181 1420 2203 nos
1443 2174 1588 2215 cogunt,

884 2220 924 2249 ut
940 2226 961 2249 a
977 2216 1111 2249 tradita
1127 2216 1305 2261 scriptura
1327 2215 1536 2249 recedamus
1554 2219 1589 2249 et

885 2264 1011 2306 aperta
1039 2261 1169 2295 menda
1197 2261 1432 2295 coniectando
1461 2271 1588 2296 sanare

885 2307 1102 2340 studeamus.
1123 2307 1242 2351 quain
1255 2316 1294 2340 re
1308 2317 1388 2340 cum
1401 2306 1504 2339 multi
1517 2305 1588 2340 iam

884 2351 951 2385 viri
981 2352 1076 2385 docti
1104 2351 1321 2395 sudaverint,
1350 2362 1438 2395 quos
1467 2362 1588 2385 omnes

885 2397 940 2430 vel
972 2397 1161 2441 plerosque
1195 2407 1403 2431 enumerare
1441 2397 1588 2442 longum

885 2446 993 2486 atque
1031 2453 1052 2476 a
1091 2442 1238 2476 consilio
1276 2442 1382 2475 huius
1421 2441 1587 2475 editionis

885 2488 1040 2521 alienum
1059 2492 1123 2530 est,
1147 2492 1222 2520 tum
1240 2487 1310 2521 duo
1328 2487 1482 2521 editores
1500 2498 1586 2531 prae

886 2533 1014 2566 ceteris
1032 2533 1075 2566 de
1093 2536 1213 2566 nostro
1231 2537 1338 2577 poeta
1353 2532 1446 2566 bene
1468 2532 1584 2566 meriti

885 2582 981 2611 sunt:
1011 2580 1197 2611 Bentleium
1227 2578 1308 2611 dico
1335 2577 1488 2622 primum
1515 2577 1584 2615 (ed.

190 2645 205 2670 9
224 2645 314 2671 Velut
326 2645 432 2671 Heaut.
451 2647 500 2672 935
514 2646 609 2672 AGD¹
629 2647 770 2672 exhibent
789 2647 860 2679 quod
885 2623 1586 2679 Ter·,C²}„nt}¹·brig{ae1726fltAmStelae'

155 2685 221 2712 roqo
229 2686 256 2711 q.
266 2687 301 2711 s.;
316 2677 357 2705 D'2
370 2688 514 2712 superser.
528 2680 772 2714 2‹0lo;ELyq1m‹l
786 2681 855 2707 uolo.
884 2669 978 2718 (ῙζῑῙΠῙ
997 2669 1109 2713 1⁴:207
1131 2680 1191 2714 (ltu
1210 2680 1289 2703 eun]
1304 2679 1362 2702 vm·
1379 2679 1421 2702 ac
1437 2671 1586 2712 fanone)
