1700 2984
58 184 125 230 IV,
140 185 173 222 5.
190 185 212 221 6

74 402 107 428 85

72 539 78 544 -
124 511 194 556 SY.

72 771 106 797 40

124 884 195 927 SY.

71 1083 104 1109 45

122 1321 200 1363 Cn.

70 1459 102 1485 50

122 1507 200 1551 CH.

68 1956 102 1983 55

51 2268 120 2298 1V‚6
129 2254 206 2297 CH.

445 182 689 218 HEAvToN
715 179 1078 218 TlMORVMENos
1343 170 1396 213 85

235 266 331 307 Non
349 266 427 321 ego
447 264 635 306 dicebam
652 264 696 305 in
714 264 957 319 perpetuom
983 269 1029 303 ut
1047 262 1162 304 illam
1179 261 1239 302 illi
1262 261 1395 311 dares,

237 328 397 370 Verum
420 328 466 368 ut
490 326 719 368 simulares.
780 324 858 367 Cn.
894 324 988 366 Non
1012 331 1142 365 meast
1169 323 1395 365 simulatio:

235 389 302 430 Ita
324 396 367 430 tu
391 391 519 430 istaec
543 396 615 429 tua
639 387 822 436 misceto,
847 402 899 428 ne
923 401 989 428 me
1015 386 1256 427 admisceas,

235 451 359 505 Egon
383 452 481 504 quoi
505 450 676 490 daturus
700 449 782 490 non
807 464 911 498 sum,
939 456 985 489 ut
1009 449 1046 490 ei
1070 446 1375 502 despondeam?

237 512 484 554 Credebam.
528 511 606 553 Cn.
631 511 836 552 Minume.
875 510 944 552 SY.
973 509 1085 552 Scite
1104 516 1266 564 poterat
1285 508 1396 558 fieri3
1422 513 1488 548 785

235 574 291 615 Et
315 589 393 630 ego
418 574 510 622 hoc,
536 574 634 627 quia
658 573 816 614 dudum
840 573 885 613 tu
909 579 1022 613 tanto
1047 587 1170 628 opere
1193 573 1395 620 suaseras,

235 635 299 677 Eo
314 636 442 691 coe'pi.
481 634 559 677 Cn.
580 633 730 676 Credo.
768 633 838 676 SY.
861 632 1059 676 Ceterum
1072 633 1263 688 equidem
1277 633 1395 682 istuc,

681 694 897 745 Chremes,

234 761 375 814 Aequi
399 759 579 813 bonique
604 758 725 800 facio.
780 757 858 800 CH.
895 758 1027 812 Atqui
1052 772 1178 812 quam
1201 759 1396 798 maxume

233 823 340 865 Volo
366 824 405 863 te
431 822 528 863 dare
552 836 720 877 operam
744 828 790 862 ut
813 821 901 870 fiat,
926 836 1074 862 uerum
1099 821 1178 861 alia
1202 821 1284 861 uia.

237 885 274 925 F
276 885 344 933 iat,
370 891 594 938 quaeratur
617 883 786 937 aliquid.
836 883 909 924 sed
933 883 1035 924 illud
1060 883 1174 936 quod
1198 883 1274 923 tibi
1423 887 1488 920 790

233 947 336 988 Dixi
361 948 411 988 de
436 953 622 1001 argento,
648 946 761 1000 quod
785 945 864 986 ista
888 945 1012 987 debet
1037 945 1250 994 Bacchidi,

233 1010 284 1051 Id
308 1010 419 1050 nl'mc
443 1008 740 1050 reddendumst
763 1008 840 1048 illi:
866 1022 1002 1061 neque
1027 1015 1072 1048 tu
1098 1007 1252 1049 scilicet

233 1072 338 1113 Ill1'10
364 1070 598 1127 confugies:
625 1070 746 1124 ‘quid
770 1070 887 1111 mea?
911 1085 1012 1110 num
1036 1069 1137 1110 mihi
1163 1069 1369 1111 datumst?

233 1134 346 1175 Num
370 1133 494 1174 iussi?
518 1148 619 1174 num
643 1132 715 1174 illa
738 1134 1012 1187 oppignerare
1037 1132 1168 1173 filiam

232 1197 377 1238 Meam
399 1210 467 1237 me
491 1195 621 1236 inuito
646 1194 823 1250 potuit?'
855 1209 1002 1235 uerum
1032 1194 1148 1243 illud,
1182 1192 1396 1242 Chremes,
1423 1198 1489 1232 795

232 1258 407 1300 Dicunt:
429 1255 517 1299 ‘ius
542 1272 749 1299 summum
775 1258 899 1312 saepe
925 1264 1125 1298 summast
1148 1253 1328 1297 malitia?

232 1321 360 1362 Haud
391 1320 555 1362 faciam.
616 1318 688 1361 SY.
724 1319 860 1360 Immo
886 1319 975 1360 aliis
1008 1320 1042 1360 si
1070 1319 1178 1367 licet,
1209 1318 1285 1359 tibi
1314 1319 1397 1358 non

679 1381 794 1424 licet:

234 1445 396 1487 Omnes
421 1452 461 1487 te
485 1444 527 1486 in
551 1444 665 1486 lauta
689 1459 767 1485 esse
791 1445 832 1485 et
857 1444 962 1485 bene
988 1451 1107 1485 aucta
1131 1444 1173 1484 re'
1196 1449 1356 1498 putant.

232 1507 347 1561 Quin
378 1509 543 1563 egomet
572 1506 654 1547 iam
685 1507 738 1547 ad
774 1521 864 1547 eam
896 1505 1093 1548 deferam.
1155 1505 1225 1547 Sy.
1265 1506 1397 1546 Immo

680 1568 814 1609 filium

232 1633 337 1674 Iube
361 1632 509 1687 potius.
555 1630 632 1672 Cn.
659 1630 800 1683 Quam
825 1631 878 1672 ob
903 1632 1014 1672 rem?
1057 1630 1126 1673 Sy.
1154 1629 1266 1682 Quia
1288 1630 1396 1671 enim
1421 1633 1488 1668 800

677 1693 719 1734 in
744 1709 839 1735 eum
865 1693 1085 1748 suspiciost

231 1756 452 1798 Translata
488 1755 650 1797 amoris.
711 1754 789 1797 Cn.
839 1755 954 1808 Quid
991 1755 1104 1796 tum?
1165 1755 1236 1797 SY.
1284 1754 1398 1807 Quia

675 1818 890 1859 uidebitur

230 1881 371 1936 Magis
395 1880 484 1922 ueri
509 1880 641 1922 simile
665 1880 708 1921 id
732 1882 835 1929 esse,
862 1894 987 1934 quom
1013 1879 1078 1920 hic
1103 1880 1160 1920 illi
1186 1880 1317 1928 dabit3

231 1943 288 1985 Et
313 1943 436 1984 simul
461 1942 678 1984 conficiam
703 1942 864 1983 facilius
890 1957 967 1998 ego
993 1942 1106 1996 quod
1130 1943 1238 1983 uolo.

231 2006 327 2061 Ipse
347 2006 450 2047 adeo
470 2005 605 2047 adest:
625 2005 707 2055 abi,
726 2005 839 2047 ecfer
857 2012 1089 2060 argentum.
1127 2003 1205 2046 Cn.
1230 1993 1393 2046 chero.

489 2128 763 2172 CLITIPHO
853 2129 1028 2171 SYRVS

498 2201 752 2228 ADVLEsonNs
861 2201 1008 2228 snnvos

232 2254 395 2296 Nullast
419 2262 504 2296 tam
529 2255 661 2296 facilis
685 2256 764 2303 res,
791 2255 890 2308 quin
916 2254 1094 2295 difficilis
1119 2254 1209 2302 siet,
1419 2256 1487 2292 805

235 2317 372 2369 Quom
397 2317 552 2358 inuitus
576 2317 717 2358 facias.
766 2318 833 2357 uel
858 2333 924 2358 me
950 2317 1051 2358 haec
1077 2316 1370 2366 deambulatio,

235 2379 373 2431 Quam
398 2380 479 2420 non
504 2379 728 2428 laboriosa,
755 2379 807 2420 ad
832 2379 1076 2435 languorem
1101 2379 1226 2421 dedit.

230 2442 320 2483 Nec
344 2443 566 2495 quicquam
591 2441 725 2497 magis
749 2456 860 2483 nunc
884 2444 1024 2483 metuo
1044 2456 1169 2495 quam
1189 2457 1240 2482 ne
1259 2441 1395 2482 de'nuo

231 2504 364 2545 Miser
388 2504 526 2557 aliquo
552 2504 748 2545 extrudar
772 2503 880 2553 hinc,
912 2519 964 2545 ne
989 2503 1184 2545 accedam
1210 2503 1262 2544 ad
1287 2505 1395 2545 Bac-

676 2566 853 2607 chidem.

230 2630 288 2671 Vt
335 2629 374 2669 te
422 2627 589 2683 quidem
631 2628 672 2669 di
715 2629 899 2682 deaeque
948 2644 1090 2670 omnes
1139 2629 1392 2685 quantumst,
1417 2634 1486 2669 810

679 2690 798 2747 Syre,
