1700 2984
61 186 107 232 v,
123 188 148 222 4
661 181 866 218 HEGYRA
1320 173 1402 216 233

241 266 495 308 Bacchidem
527 264 698 307 anulum
723 279 842 306 suom
866 264 1032 306 habere.
1080 264 1181 305 PAR.
1213 264 1249 305 F
1251 266 1402 305 actum.

686 326 793 367 PAM.
823 326 934 367 Eum
959 340 1083 380 quem
1104 326 1202 367 olim
1227 328 1265 367 ei
1287 326 1401 368 dedi:

238 381 386 446 anue
428 390 507 432 hoc
548 398 588 433 te
630 389 731 431 mihi
774 390 964 431 nuntiare
1006 389 1135 431 iussit.
1194 390 1305 432 itane
1341 397 1403 431 est

685 452 868 494 frictum?
913 452 1016 493 PAR.
1047 452 1126 501 Ita,
1151 451 1334 506 inquam.

99 538 105 544 ·
125 517 232 559 Pin.
248 516 354 569 Quis
370 530 435 557 me
449 523 510 557 est
520 515 767 556 ἴοι-1011011101·
779 515 1092 568 ιιθῃυεῐάῒὶεῳω
1106 514 1209 556 adeo
1222 514 1402 569 plenior?

237 567 386 634 Egone
405 585 445 619 te
464 591 539 632 pro
559 576 638 618 1100
657 577 803 618 nuntio
822 576 921 631 quid
941 577 1115 617 donem?
1134 576 1258 630 quid?
1277 576 1402 630 quid?

685 639 837 680 ne'scio.

75 716 107 741 10
124 703 227 745 PAR.
242 691 301 744 At
328 717 406 758 ego
433 701 529 743 scio.
577 700 685 742 PAM.
719 700 857 754 Quid?
887 700 990 742 PAR.
1022 701 1092 741 Nil
1117 700 1225 742 enim
1235 717 1245 749 3
1426 704 1494 740 850

236 766 345 806 Nzim
376 779 510 819 neque
542 763 584 804 in
606 763 752 804 nuntio
775 778 911 817 neque
936 763 978 804 in
1002 778 1068 804 me
1092 763 1181 818 ipso
1207 763 1281 804 tibi
1305 762 1402 804 boni

684 825 785 879 quid
810 828 860 866 sit
886 825 984 866 scio.

124 891 231 932 PAM.
245 891 368 946 Egon
394 888 465 943 qui
490 888 543 929 ab
562 902 658 929 orco
678 888 884 929 mortuom
903 903 968 929 me
988 887 1183 929 reducem
1203 887 1245 928 in
1266 888 1401 928 lucem

685 950 846 998 fe'ceris,

237 1014 382 1056 Sinzim
416 1014 503 1054 sine
534 1027 706 1054 munere
736 1014 761 1052 zi,
785 1027 851 1053 me
877 1012 1016 1053 abire?
1047 1010 1113 1060 ah,
1138 1011 1310 1052 nimium
1335 1026 1402 1052 me

682 1074 892 1129 ingratum
918 1085 1052 1129 putas.

235 1139 322 1181 Sed
346 1138 600 1179 Bacchidem
627 1152 767 1179 eccam
793 1137 916 1178 uideo
942 1146 1049 1178 stare
1075 1145 1170 1178 ante
1194 1136 1362 1177 ostium:

73 1214 104 1240 15
235 1202 310 1243 Me
335 1202 525 1256 expectat
553 1200 694 1242 credo:
720 1200 857 1240 adibo.
894 1200 973 1240 BA.
1002 1198 1143 1248 Salue,
1168 1199 1402 1254 Pamphile.
1427 1210 1495 1245 855

122 1265 229 1306 PAM.
246 1263 286 1305 O
312 1263 505 1313 Bzicchis,
531 1277 554 1303 0
579 1277 672 1303 mea
695 1262 887 1311 Bacchis,
919 1263 1122 1303 seruatrix
1146 1262 1256 1303 mea!

122 1328 200 1368 BA.
233 1327 348 1368 Bene
374 1326 531 1367 factum
557 1333 597 1366 et
622 1325 749 1379 uolup
770 1332 844 1365 est.
882 1324 990 1365 PAM.
1013 1324 1154 1366 Factis
1173 1332 1218 1365 ut
1238 1324 1403 1366 creda'un

682 1386 802 1435 facis3

236 1452 550 1504 Antiquamque
576 1449 680 1490 adeo
705 1451 820 1490 tuam
848 1456 1108 1490 uenustatem
1135 1449 1311 1499 obtines,

234 1514 293 1556 Vt
323 1512 527 1567 uoluptati
559 1511 710 1561 obitus,
748 1513 897 1560 sermO,
936 1511 1140 1553 aduentus
1176 1513 1282 1561 titos,
1320 1526 1402 1566 quo

684 1588 894 1628 quomque
920 1574 1153 1624 adueneris,

69 1653 102 1677 20
235 1638 412 1693 Semper
437 1637 500 1678 sit.
556 1637 633 1678 BA.
666 1638 726 1677 At
752 1645 795 1677 tu
822 1638 982 1678 ecfistor
1006 1651 1163 1678 morem
1189 1639 1401 1692 antiquom
1426 1650 1494 1684 860

683 1707 807 1753 atque
832 1699 1048 1755 ingenium
1074 1700 1248 1749 obtines,

235 1765 291 1805 Vt
321 1763 427 1803 smus
460 1762 645 1803 omnium
675 1762 799 1802 homo
830 1770 869 1803 te
900 1762 1015 1802 uiuat
1039 1763 1265 1816 numquam
1291 1763 1402 1816 quis-

682 1839 808 1878 quam
833 1824 1035 1865 blendior.

121 1888 228 1929 PAM.
252 1886 470 1935 Hahahae',
491 1895 565 1927 tun
585 1887 640 1927 mi
661 1887 792 1927 istuc?
829 1887 907 1928 BA.
934 1887 1064 1928 Recte
1089 1888 1250 1937 amasti,
1275 1887 1402 1930 Pzim-

681 1949 806 2004 phile,
833 1951 1005 1990 uxorem
1031 1958 1164 1999 tuam3

233 2011 273 2052 N
276 2027 343 2052 am
368 2012 596 2065 numquam
621 2019 715 2053 ante
740 2011 850 2052 hunc
877 2012 986 2052 die'm
1010 2012 1112 2054 meis
1138 2012 1268 2054 oculis
1296 2015 1400 2064 eaim,

683 2074 795 2127 quod
820 2089 999 2123 nossem,
1025 2075 1230 2117 uideram:

233 2135 499 2177 Perliberalis
526 2137 666 2177 uisast.
709 2136 817 2176 PAM.
844 2136 927 2177 Dic
945 2152 1104 2178 uerum.
1147 2138 1224 2178 BA.
1250 2125 1314 2179 ita
1335 2154 1400 2181 me

684 2198 724 2238 di
750 2206 902 2247 ament,
927 2199 1158 2254 Pamphile.

71 2272 104 2298 25
122 2260 230 2302 PAM.
252 2259 335 2302 Dic
354 2260 424 2310 1111,
449 2260 596 2301 harum
615 2276 754 2302 rerum
779 2262 878 2301 num
904 2262 1004 2315 quid
1029 2262 1130 2303 dixti
1155 2263 1245 2304 111οό
1270 2264 1400 2318 patri?
1425 2270 1492 2305 865

682 2324 760 2363 ΒΑ.
787 2323 869 2364 Nil.
912 2323 1019 2364 PAM.
1046 2325 1193 2379 Neque
1217 2340 1321 2380 opus
1341 2335 1401 2367 est

234 2384 356 2426 Adeo
386 2385 563 2427 muttito.
612 2385 748 2440 plzicet
778 2400 860 2426 non
891 2386 978 2427 fieri
1008 2386 1088 2428 hoc
1116 2387 1258 2429 itidem
1290 2396 1333 2429 ut
1359 2389 1399 2429 in

683 2448 920 2497 comoediis,

237 2507 393 2550 Omnia
419 2511 560 2552 omnes
587 2510 657 2551 ubi
682 2512 921 2551 resciscunt.
960 2511 1025 2552 hic
1044 2526 1147 2565 quos
1167 2512 1301 2554 fuerat
1327 2529 1401 2569 par

683 2574 917 2622 resciscere,

235 2632 381 2676 Sciunt
392 2650 402 2684 3
441 2648 544 2688 quos
575 2650 656 2676 non
689 2642 827 2675 autem
859 2637 1075 2689 aequomst
1105 2637 1228 2687 scire,
1264 2640 1399 2695 neque

686 2698 907 2740 resciscent
931 2700 1067 2754 neque
1094 2700 1234 2744 scient.
