1700 2984
122 127 189 172 lv,
208 127 227 161 1

191 827 263 869 So.

139 967 170 991 ιο
191 953 262 994 So.

191 1327 263 1369 So.

138 1591 170 1616 15

191 1702 263 1744 So.

191 1953 263 1994 So.

138 2216 171 2241 20

511 123 756 159 HEAVTON
782 120 1149 158 TIMORVMENOS
1418 110 1469 152 77

303 207 413 248 Eum
438 207 540 248 esse,
579 204 651 247 So.
678 206 738 245 At
763 211 808 245 ut
830 204 928 245 satis
949 203 1228 257 centemplata
1253 203 1376 243 medo
1402 202 1470 250 sis,

752 282 844 307 mea
868 267 1020 307 nutrix.
1080 265 1158 306 Nv.
1199 264 1324 306 Satis.

254 362 264 372 .
301 330 388 372 Abi
412 329 606 372 nunciam
630 329 751 378 intro,
778 336 902 382 atque
926 328 997 369 illa
1021 327 1055 369 si
1079 327 1162 368 iam
1181 326 1343 375 latuerit,
1371 326 1471 367 mihi

751 391 908 431 nuntia.
940 414 994 420 -—-

301 455 385 496 Hic
409 455 488 510 e'go
513 453 649 495 uirum
681 453 837 494 interea
868 452 1102 507 cpperibor.
1164 450 1233 494 SY.
1270 450 1333 492 Τό
1363 450 1468 491 uolt:

749 515 891 556 uideas
917 515 1017 568 quid
1041 513 1154 555 uelit.

301 579 452 621 Nescio
477 578 576 633 quid
608 577 734 618 tristis
760 578 839 617 e'st:
872 592 954 617 non
979 584 1191 617 temerest:
1223 578 1346 617 timeo
1371 575 1472 629 quid
1496 579 1563 614 620

750 639 813 680 sit.
865 638 942 680 CH.
976 638 1090 690 Quid
1117 639 1216 679 siet?

301 703 366 745 Ne
391 703 470 744 ista
495 703 631 744 hercle
658 716 810 757 magno
843 701 924 741 iam
957 708 1108 742 conatu
1139 702 1312 756 meignas
1336 715 1471 754 nugas

753 764 915 804 dixerit.

300 827 450 877 Ehem,
467 828 522 868 mi
536 827 611 868 uir.
646 825 724 867 CH.
740 826 888 875 Ehem,
904 841 997 866 mea
1009 826 1125 866 uxor.
1160 824 1232 866 So.
1253 824 1315 865 Te
1334 824 1471 878 ipsum

750 890 918 942 quaero.
940 887 1018 929 Cn.
1033 888 1228 942 Loquere
1242 887 1341 940 quid
1355 887 1470 928 uelis.

300 953 489 994 Primum
514 952 592 993 hoc
617 959 656 993 te
682 967 767 999 oro,
793 953 843 992 ne
865 951 965 1004 quid
989 951 1132 991 credas
1157 966 1223 991 me
1247 950 1471 990 aduorsum

750 1014 929 1055 edictulu
956 1021 1071 1053 tuom

300 1078 456 1118 Fz'tcere
482 1092 572 1118 esse
598 1092 755 1117 ausam.
818 1074 896 1116 Cn.
935 1076 1018 1116 Vin
1043 1090 1110 1116 me
1140 1075 1246 1115 istuc
1277 1074 1364 1123 tibi,
1396 1074 1472 1115 etsi

750 1137 1044 1186 incredibilest,
1070 1138 1263 1178 credere?

303 1202 452 1243 Credo.
498 1201 569 1243 ΞΥ.
602 1201 753 1242 Nescio
779 1201 878 1254 quid
904 1201 1063 1255 peccati
1088 1201 1222 1255 p61-tat
1247 1199 1349 1241 haec
1374 1215 1472 1254 pur-
1496 1203 1563 1237 625

751 1264 875 1318 ςέιῒίο.

300 1327 559 1368 Meministin
598 1342 663 1367 me
710 1326 928 1381 grauidam
972 1333 1012 1367 et.
1052 1325 1153 1366 mihi
1195 1332 1235 1366 te
1276 1326 1471 1366 maxumo

749 1404 872 1443 opere
899 1389 1072 1436 edicere,

303 1452 349 1493 Si
380 1452 560 1506 puellam
591 1453 799 1506 parerem,
837 1451 945 1492 nolle
976 1451 1085 1491 tdlli?
1133 1449 1210 1492 Cn.
1244 1449 1341 1490 Scio
1372 1449 1472 1503 quid

750 1514 916 1554 feceris:

303 1577 529 1618 Sustulisti.
574 1576 644 1618 Sv.
680 1576 749 1617 Sic
776 1584 834 1617 est
862 1576 1037 1616 factum:
1070 1576 1235 1616 demina
1260 1590 1350 1630 ego,
1377 1590 1471 1616 erus

755 1639 905 1679 damno
933 1640 1077 1679 auctus
1104 1646 1177 1679 est.

300 1703 511 1751 Minume3
549 1701 622 1743 sed
658 1709 742 1743 erat
776 1701 841 1741 hic
874 1700 1090 1741 Corinthia
1125 1703 1229 1741 &inus
1267 1700 1380 1741 haud
1410 1700 1472 1741 in-

319 1816 325 1825 „
750 1779 872 1818 pura:
900 1765 937 1804 ei
961 1764 1056 1804 dedi

302 1827 618 1882 Exponendam.
686 1826 763 1867 Cn.
803 1825 842 1866 O
875 1826 1075 1881 Iuppiter,
1112 1833 1269 1866 tantam
1304 1826 1394 1866 esse
1430 1825 1472 1866 in
1497 1829 1564 1863 630

751 1888 888 1929 animo
914 1889 1138 1929 inscitiam!

301 1952 431 1993 Perii:
463 1951 562 2005 quid
589 1967 667 2007 ego
693 1951 796 1991 feci?
840 1951 917 1991 CH.
951 1951 1150 2006 Rogitas?
1199 1951 1272 1992 So.
1306 1950 1353 1992 Si
1377 1966 1472 2006 pec-

311 2065 318 2075 '
752 2014 858 2074 cetui,
884 2014 940 2053 mi
966 2012 1181 2062 Chremes,

301 2077 488 2118 Insciens
514 2076 605 2118 feci.
668 2075 745 2117 Cn.
780 2076 828 2116 Id
855 2076 1049 2129 equidem
1075 2091 1166 2131 ego,
1197 2076 1231 2117 si
1261 2077 1307 2117 tu
1331 2091 1472 2131 neges,

750 2139 859 2179 certe
886 2139 985 2187 scio,

302 2203 364 2244 Te
389 2202 630 2243 inscientem
651 2209 775 2254 atque
794 2202 1085 2256 inprudentem
1106 2202 1240 2242 dicere
1262 2217 1310 2242 ac
1334 2201 1472 2243 facere

750 2279 904 2304 omma:

301 2327 381 2367 T6t
406 2334 577 2381 peccata
600 2327 642 2367 in
667 2327 745 2368 haic
770 2342 813 2367 re
833 2327 1027 2367 ostendis.
1054 2328 1149 2366 mim
1170 2326 1251 2367 iam
1277 2327 1470 2381 primum,

313 2439 320 2451 .
752 2390 786 2430 si
810 2405 949 2430 meum

303 2451 531 2506 Imperium
569 2453 743 2506 exsequi
779 2452 997 2501 uoluisses,
1034 2452 1324 2506 interemptam
1354 2452 1473 2507 0p6r-
1496 2456 1563 2491 635

752 2514 842 2563 t11it‚

304 2577 399 2618 Nzssn
432 2576 625 2620 simulare
650 2577 825 2619 mertem
851 2577 1004 2626 uerbis,
1037 2592 1080 2619 re
1104 2579 1195 2632 ipsa
1219 2593 1336 2632 spem
1362 2578 1471 2618 uitae

753 2640 863 2681 dare.
