1726 2984
125 155 221 189 Prol.
732 152 928 188 ANDRIA
1441 141 1467 181 9

613 541 1047 587 PROLOGVS.

194 690 330 734 Poeta
353 706 479 746 quom
503 691 683 747 primum
709 691 893 731 animum
919 690 972 731 ad
1004 689 1269 730 scribendum
1300 689 1471 744 adpulit,

195 761 246 801 Id
272 760 350 801 sibi
373 760 516 815 negoti
541 759 713 800 credidit
737 759 871 799 solum
897 758 999 806 dari,

194 828 359 883 Populo
384 829 430 869 ut
453 828 665 883 placerent
688 827 791 880 quas
816 826 982 868 fecisset
1007 825 1184 867 fabulas.

194 897 355 939 Verum
379 896 496 938 aliter
520 895 687 937 euenire
711 894 841 935 multo
866 894 1086 949 intellegit3

157 976 173 1001 5
197 965 306 1006 Nam
330 964 373 1014 in
396 964 580 1019 prelogis
604 962 837 1005 scribundis
862 977 1032 1017 operam
1057 962 1255 1011 abutitur,
1522 965 1544 1000 5

194 1032 291 1074 Non
315 1032 386 1087 qui
411 1033 704 1088 argumentum
728 1031 879 1080 narret,
907 1030 979 1072 sed
1005 1030 1077 1084 qui
1102 1029 1288 1071 maliuoli

196 1101 361 1144 Veteris
385 1104 534 1155 poetae
558 1099 789 1141 maledictis
814 1098 1077 1153 respondeat.

195 1169 235 1210 N
238 1183 332 1219 unc,
358 1169 483 1223 quam
503 1183 591 1210 rem
612 1167 713 1209 uitio
732 1167 842 1216 dent,
869 1180 1025 1221 quaeso
1045 1165 1231 1207 animum
1252 1163 1474 1206 adtendite.

196 1236 432 1278 Menander
456 1236 555 1278 fecit
578 1223 786 1277 Andriam
811 1242 851 1277 et
874 1234 1147 1276 Perinthiam.

141 1318 173 1343 10
197 1305 283 1358 Qui
308 1305 509 1346 utramuis
534 1312 646 1346 recte
670 1303 793 1352 uerit,
819 1303 964 1344 ambas
987 1302 1170 1344 neuerit:
1501 1305 1546 1340 10

196 1374 293 1415 Non
317 1374 375 1415 ita
399 1373 588 1414 dissimili
613 1373 709 1414 sunt
733 1378 994 1427 argumento,
1021 1370 1061 1412 et
1085 1378 1224 1411 tamen

196 1441 401 1483 Dissimili
426 1441 610 1482 oratiene
635 1447 730 1482 sunt
755 1440 889 1481 factae
915 1440 963 1481 ac
988 1439 1093 1480 stilo.

200 1509 325 1562 Quae
352 1509 584 1551 cenuenere
609 1508 653 1550 in
676 1496 885 1550 Andriam
910 1522 961 1550 ex
985 1506 1203 1549 Perinthia

198 1577 374 1619 Fatetur
397 1578 656 1619 transtulisse
682 1584 807 1630 atque
831 1591 955 1617 usum
979 1575 1055 1631 pre
1081 1575 1178 1617 suis.

143 1658 175 1684 15
199 1646 250 1687 Id
274 1646 341 1687 isti
364 1646 604 1701 uituperant
628 1645 786 1686 factum
812 1651 936 1698 atque
960 1643 1004 1685 in
1029 1658 1077 1685 eo
1103 1643 1316 1697 disputant
1503 1648 1548 1683 15

200 1712 488 1756 Contaminari
511 1714 596 1755 non
621 1713 768 1754 decere
793 1712 971 1753 fabulas.

197 1782 430 1824 Faciuntne
455 1781 750 1837 intellegendO,
775 1788 822 1822 ut
845 1780 903 1821 nil
927 1779 1197 1834 intellegant?
1311 1833 1316 1838 ¹

199 1849 285 1903 Qui
310 1865 436 1904 quom
461 1850 572 1891 hunc
597 1856 807 1898 accusant,
832 1848 1043 1890 Naeuium
1068 1847 1269 1888 Plautum
1294 1844 1479 1886 Ennium

199 1919 426 1967 Accusant‚
452 1932 557 1972 quos
582 1917 649 1959 hic
672 1917 813 1959 noster
837 1917 1028 1958 auctores
1052 1915 1192 1964 habet,

142 1999 175 2024 20
200 1985 392 2038 Quorum
417 1985 616 2027 aemulari
641 1985 809 2040 exeptat
832 1983 1138 2039 neclegentiam
1503 1988 1549 2023 20

197 2054 344 2095 Potius
369 2069 495 2109 quam
518 2054 692 2095 istorum
718 2053 938 2094 obscuram
964 2051 1236 2107 diligentiam.

198 2122 365 2164 Dehinc
388 2124 434 2164 1'1t
458 2122 674 2176 quiescant
698 2122 821 2177 perro
846 2135 995 2163 moneo
1021 2127 1060 2162 et
1086 2119 1276 2160 desinant

197 2190 314 2232 Male
339 2190 488 2239 dicere,
514 2189 736 2232 malefacta
759 2204 812 2231 ne
837 2190 1009 2231 noscant
1035 2203 1124 2230 sua.

199 2258 372 2308 Fauete,
398 2258 539 2301 adeste
565 2272 698 2312 aequo
724 2258 862 2299 animo
888 2266 929 2299 et
952 2272 1039 2298 rem
1065 2254 1316 2311 cognescite,

142 2338 176 2364 25
199 2328 257 2370 Vt
281 2327 549 2382 pernoscatis,
574 2326 721 2380 ecquid
747 2326 834 2381 spei
860 2325 912 2367 sit
936 2326 1156 2374 relicuom,
1505 2330 1550 2365 25

198 2394 381 2436 Posthac
405 2409 508 2449 quas
533 2394 658 2436 faciet
683 2394 734 2436 de
759 2395 922 2449 integro
947 2392 1196 2440 comoedias,

200 2462 464 2517 Spectandae
491 2478 543 2504 an
569 2461 800 2518 exigendae
825 2462 906 2503 sint
930 2462 1050 2503 uobis
1076 2460 1203 2515 prius.
