1664 2984
121 170 203 200 XIV
722 176 945 203 PRAEFATIO

120 246 295 281 liceret13.
329 247 524 292 codicibus,
546 249 603 283 vel
619 248 823 293 antiquissi-
848 251 905 282 tra
916 251 1067 282 metrum
1081 248 1284 283 exhibeant.
1306 247 1392 293 quid
1406 247 1550 283 autem?

121 292 200 336 mis,
223 303 371 337 parvam
391 297 531 328 tantum
547 294 584 328 in
602 305 645 327 ea
660 304 698 328 re
715 293 823 327 fidem
849 304 933 327 num
948 293 986 328 in
1003 294 1192 328 scribendo
1204 296 1294 328 baud
1305 294 1360 328 vel
1374 295 1453 327 haut
1470 293 1547 327 sim.

121 337 325 372 habendam
343 349 434 382 esse,
452 350 532 373 cum
547 338 686 373 librarii
700 338 823 372 dedita
850 337 934 372 solis
971 339 1155 373 codicibus
1193 339 1431 382 confidemus,
1471 349 1551 373 cum

121 394 232 428 opera
245 383 540 428 etmiraquadam
555 383 824 428 perseverantia
849 382 981 417 Heaut.
1012 384 1077 418 967
1104 384 1143 418 in
1167 383 1204 419 A
1233 395 1298 430 pro
1329 395 1459 428 semper
1489 385 1551 417 erit

120 428 348 472 antiquitatis
360 429 562 474 robiginem
577 429 696 462 delere
714 431 823 471 atque
846 429 1052 471 praesidium
1069 429 1211 469 (omisso
1225 431 1338 464 altero
1354 432 1404 472 er)
1421 440 1550 473 semper

119 473 375 508 vetustioribus
403 473 528 508 formis
555 473 708 507 usitatas
736 483 822 506 suac
848 473 883 505 id
894 484 949 516 pr.
976 473 1151 518 scriptum
1174 475 1245 509 sit‘?
1266 475 1332 509 tali
1354 485 1376 508 a
1392 473 1550 508 librariis

118 519 278 571 ipsorum
310 518 440 553 aetatis
478 519 694 553 substituere
727 518 823 552 soliti
849 517 1033 552 institutae
1077 519 1379 565 orthographicas
1425 520 1549 554 redac-

120 567 207 607 smt,
244 564 316 598 rari
348 564 495 608 quidam
534 574 688 607 errores,
725 563 822 597 unde

119 609 310 654 pristinum
337 609 520 643 scribendi
547 620 650 642 usum
682 608 820 642 coniec-

118 660 200 688 tura
237 653 382 699 assequi
420 653 529 688 etiam
572 664 665 687 nunc
702 654 821 697 liceat,

117 699 311 734 manifesto
327 699 533 744 produnt14.
568 699 663 743 quod
682 698 712 732 si
728 698 819 732 Hec.

116 745 194 779 232.
214 745 279 779 606
295 744 333 777 in
349 744 384 777 A
399 745 481 777 mihi
500 754 565 788 pro
586 744 749 777 vocativo
765 745 820 787 mi,

116 790 228 824 Phor.
246 790 313 824 370
328 789 365 823 in
383 803 401 826 ς
416 796 570 823 nostram
587 800 651 834 pro
669 795 822 822 uestram

118 836 221 875 (alias
238 835 449 879 plerumque
465 841 576 868 uester
593 836 687 878 ete),
710 834 819 868 Phor.

849 562 939 596 tioni
956 574 1035 597 cum
1061 564 1240 609 scriptura
1264 576 1306 599 ex
1330 575 1448 599 errore
1472 568 1551 599 orta

849 607 925 642 cod.
965 609 1001 642 A
1025 608 1170 652 (Heaut.
1191 610 1269 652 642)
1293 622 1366 655 neq.
1392 612 1460 644 eius
1485 619 1550 654 pro

848 665 953 698 neque
967 654 1020 686 ius
1036 654 1094 687 vel
1110 654 1192 696 (Ad.
1213 655 1290 698 789)
1305 662 1397 700 autq.
1411 667 1472 689 rar
1486 665 1550 699 pro

849 705 907 731 aut
920 710 1043 742 querar
1054 698 1217 743 debetur,
1228 703 1304 733 tum
1317 710 1399 734 vero
1412 700 1552 734 iactura

848 743 1173 788 monosyllaborum
1180 745 1551 790 genetivorum,quam

848 788 1061 833 pronomina
1072 790 1134 830 hic,
1147 790 1189 833 is,
1202 791 1270 834 qui,
1287 790 1344 824 vel
1357 790 1550 835 disyllabo-

847 845 937 877 rum,
948 844 1057 877 quam
1068 835 1278 879 pronomina
1289 837 1434 878 ille,iste‚
1447 837 1549 877 ullus,

117 881 184 914 504
206 881 241 913 in
266 880 302 913 A
324 880 382 925 qui
402 883 439 914 et
459 880 529 913 Ad.
553 880 622 914 854
645 881 735 924 quod
757 890 822 924 pro
847 880 963 912 nullus
977 882 1044 913 cet.
1058 890 1166 924 passa
1178 883 1272 922 sunt,
1282 890 1433 925 quorum
1444 880 1550 913 vesti-

117 927 199 971 quoz'
217 925 321 969 (alias
344 926 401 959 cui
420 928 514 968 etc.),
538 924 629 959 Hec.
649 925 712 959 131
735 925 772 958 in
788 929 822 958 A

117 971 289 1016 ctcmloquz'
301 981 366 1015 pro
389 972 549 1015 conloqui
569 970 627 1013 (cf.
646 970 738 1004 Hec.
757 970 821 1004 177

117 1018 379 1060 cumplusculos)
408 1016 581 1061 scriptum
608 1015 820 1058 invenimus,

114 1062 200 1095 inde
218 1061 306 1096 alibi
323 1072 465 1106 quoque
481 1062 530 1094 mi
545 1072 588 1095 ex
603 1063 691 1104 mibi,
709 1068 821 1094 uosler

117 1118 159 1141 ex
176 1114 296 1150 uester,
313 1108 396 1151 quoi
415 1109 465 1148 (et
482 1108 612 1151 quoius)
637 1117 679 1140 ex
702 1107 759 1140 cuz'
773 1109 823 1147 (et

115 1153 233 1195 cuias),
263 1163 364 1196 quom
387 1152 457 1193 (vel
478 1156 566 1197 qom)
589 1162 632 1186 ex
655 1164 729 1185 cam
752 1155 819 1186 cet.

114 1197 219 1232 nobis
252 1197 476 1232 restituenda
510 1208 588 1232 esse
622 1208 819 1231 censemus.

113 1254 181 1277 nec
198 1243 279 1288 plus
296 1242 384 1276 fidei
407 1242 593 1276 codicibus
616 1242 820 1286 tribuimus,

115 1289 145 1322 si
162 1288 277 1322 Andr.
297 1288 361 1322 797
386 1291 422 1321 et
438 1287 571 1322 Heaut.
598 1288 664 1321 194
687 1289 822 1321 diuitias

113 1333 261 1379 legitur,
284 1333 349 1368 ubi
370 1337 523 1367 metrum
540 1334 639 1366 (litias
665 1332 821 1377 flagitat,

113 1381 171 1414 vcl
188 1380 330 1422 aiebam,
353 1380 499 1412 sciebam
517 1382 584 1412 etc.
609 1388 674 1422 pro
698 1379 821 1419 aibam,

113 1426 241 1458 scibam
265 1427 346 1468 etc„
373 1435 454 1458 cum
475 1423 563 1458 item
579 1423 687 1457 Phor.
707 1423 772 1457 768
789 1423 823 1456 A

115 1472 199 1503 satis
222 1480 288 1514 pro
316 1476 370 1503 sat
400 1472 436 1503 et
462 1469 673 1514 plerumque
701 1479 823 1502 omnes

114 1515 258 1550 codices
271 1516 463 1559 periculum
480 1525 544 1560 pro
557 1515 724 1559 periclum
741 1525 822 1548 con-

147 1620 180 1644 13
205 1618 283 1644 Satis
314 1618 490 1649 ambigimus
519 1618 555 1643 de
585 1618 743 1648 vocativis,
774 1618 823 1649 qui

112 1653 195 1678 varie
219 1653 252 1677 in
276 1652 427 1677 codicibus
451 1653 621 1682 traduntur,
647 1652 754 1676 Chreme
776 1652 823 1676 vel

113 1687 246 1716 Chremes,
259 1685 346 1712 Lache
358 1687 405 1711 vel
417 1685 526 1711 Laches.
551 1694 598 1712 eas
613 1687 690 1711 enim
705 1686 822 1715 formas,

113 1727 188 1752 quae
199 1721 231 1746 in
245 1728 306 1745 -es
316 1721 463 1749 desinunt,
474 1721 551 1745 solas
562 1728 579 1744 a
589 1720 729 1745 Terentio
742 1727 823 1745 usur-

112 1758 195 1787 patas
208 1762 272 1779 esse
290 1755 354 1780 veri
373 1755 470 1779 simile
488 1755 607 1786 quidem
626 1755 762 1779 videatur
780 1761 822 1779 re-

111 1790 228 1821 putanti
242 1791 271 1813 et
284 1789 458 1813 Terentium
471 1788 593 1813 Chremes
607 1791 662 1813 cet.
677 1788 713 1812 ad
728 1795 823 1813 exem·

112 1824 163 1854 pla
174 1823 227 1848 m.
242 1823 452 1848 declinationis
465 1823 558 1848 latine
577 1823 743 1853 immutare,
757 1822 823 1846 aliis

114 1858 205 1889 igitur
228 1858 315 1888 atque
333 1857 439 1882 tertiae
458 1857 588 1881 flexurae
606 1856 823 1881 terminationi-

113 1891 168 1916 bus
183 1891 289 1916 melius
308 1898 362 1916 nos
375 1891 534 1921 abstinere,
554 1893 583 1915 et
600 1891 698 1921 graeci
720 1893 823 1921 poetae

114 1926 244 1950 scaenici
256 1932 326 1950 num
339 1925 444 1949 talium
456 1925 611 1949 nominum
624 1925 655 1949 in
669 1931 737 1957 -ης
750 1924 824 1949 desi-

112 1960 249 1984 nentium
266 1959 418 1984 vocativos
437 1966 575 1990 umquam
594 1966 646 1989 per
669 1958 823 1989 metaplas-

114 2001 194 2018 mum
213 1994 245 2018 in
258 2001 310 2026 -η
332 1993 534 2023 formaverint,
554 1993 730 2023 perdubium
751 1999 822 2017 esse.

113 2028 166 2052 sed
188 2035 254 2052 cum
273 2028 361 2058 poeta
372 2027 449 2052 And.
463 2027 513 2052 368
531 2027 699 2058 genetivum
720 2026 826 2050 Chremi

113 2069 270 2093 usurpasse
287 2061 432 2092 videatur,
457 2062 509 2092 qui
527 2067 651 2092 graecae
672 2061 782 2085 formae
800 2060 822 2085 1.

115 2095 324 2120 declinationis
352 2095 510 2126 respondet
536 2095 581 2126 (ut
603 2094 767 2120 Archonidi
791 2103 824 2114 =

108 2125 314 2164 Ἆρχωνίδου),
351 2131 381 2153 et
418 2129 588 2159 saepissime
624 2128 823 2153 accusativum

113 2165 250 2189 Chremem
265 2162 309 2194 (=
322 2163 451 2198 Χρέμην)
468 2163 608 2193 posuerit,
630 2163 752 2187 fortasse
765 2162 823 2187 iam

114 2199 151 2223 ab
177 2199 241 2229 ipso
269 2198 352 2222 attici
383 2197 429 2222 illi
451 2197 581 2221 vocativi
609 2194 731 2228 (Chreme
754 2194 823 2225 cet.)

113 2232 275 2257 introducti
300 2233 367 2256 sunt
394 2231 442 2261 (cf.
466 2231 500 2255 E.
526 2231 646 2261 Koenig,
675 2231 719 2254 De
743 2237 822 2253 nom.

113 2273 211 2297 propr.
227 2283 233 2289 .
249 2284 255 2290 .
270 2266 335 2291 1876
348 2273 375 2296 p.
389 2267 423 2290 40
436 2272 491 2296 sq.;
510 2265 630 2295 Hauler‚
644 2264 824 2288 Terentiana

113 2308 142 2332 p.
152 2303 182 2325 10
190 2298 275 2331 sqq).
295 2299 499 2330 aequabilitati
513 2301 610 2323 autem
624 2297 744 2322 studens
758 2305 822 2322 cum

113 2334 216 2365 regula
236 2334 365 2364 eligendi
383 2334 462 2357 inter
480 2333 611 2357 diversas
630 2332 695 2356 illas
714 2332 823 2356 formas

113 2368 197 2393 nulla
208 2369 315 2398 pateat,
339 2374 404 2392 cum
418 2367 484 2391 aliis
503 2373 618 2397 semper
631 2366 754 2389 Chremes
768 2368 821 2389 cet.

115 2402 295 2433 scripsimus.
310 2415 342 2419 —
357 2402 391 2425 In
413 2401 549 2432 gerundii
568 2400 776 2425 terminatione
796 2402 824 2423 et

115 2450 147 2454 —
161 2434 250 2460 andus
263 2438 292 2459 et
305 2449 337 2454 —-
349 2434 444 2459 nudus
458 2442 510 2465 pro
524 2435 666 2459 librorum
680 2434 824 2457 memoria

115 2477 182 2495 cum
196 2470 301 2494 ceteris
315 2469 478 2493 editoribus
491 2468 637 2499 usurpavi.

149 2505 181 2529 14
200 2503 337 2534 Singulas
356 2504 453 2527 minus
472 2503 573 2527 solitas
593 2502 700 2526 formas
720 2501 767 2525 vel
788 2508 822 2525 cx

113 2539 233 2564 Donato
257 2538 314 2561 viri
339 2537 418 2561 docti
444 2537 609 2561 elicuerunt
633 2534 677 2566 (ut
695 2535 783 2559 Phor.
809 2540 822 2559 ·.’

114 2570 258 2597 transdere
290 2570 343 2602 [ita
366 2571 457 2595 schol.
483 2571 584 2595 Bemb.
616 2568 740 2600 quoquc]
772 2576 822 2598 pro

113 2605 222 2631 tradere
235 2608 263 2629 et
270 2605 357 2629 Phor.
369 2606 418 2629 3:30
432 2612 473 2635 sq.
482 2604 608 2629 tenuam-
620 2610 672 2634 pro
687 2601 822 2633 multtum

112 2640 161 2665 vel
181 2640 407 2669 inscriptionum
428 2646 482 2669 ope
502 2638 694 2663 restituerunt
710 2636 753 2666 (ut
771 2636 822 2659 arl-

111 2674 218 2706 posisse
232 2676 286 2701 cet.
300 2680 353 2704 pro
368 2672 530 2704 ‹tdposm'ssc
543 2674 613 2703 cct.;
629 2671 664 2695 cf.
680 2670 715 2694 ad
730 2670 821 2694 Andr.

112 2707 184 2739 72⁷9).

849 924 947 969 gium
961 923 1115 959 fortasse
1125 925 1196 958 Ad.
1212 925 1278 959 452
1290 924 1474 969 remansit,
1487 924 1551 959 ubi

850 970 885 1002 in
908 984 925 1006 ς
945 971 974 1003 is
997 980 1062 1014 pro
1084 971 1153 1004 eius
1175 971 1244 1009 (vel
1268 972 1326 1011 eis)
1349 970 1492 1016 legitur.
1509 991 1552 995 —

850 1016 944 1049 Num
958 1017 1041 1060 quis,
1059 1027 1101 1049 ne
1117 1017 1190 1060 quis
1207 1015 1339 1050 similia
1355 1018 1439 1058 (non
1455 1027 1551 1049 num-

849 1061 936 1105 quis,
968 1061 1097 1105 nequis)
1125 1061 1339 1105 scripturam
1366 1064 1552 1105 praestare

849 1117 891 1140 ex
913 1105 1021 1139 Phor.
1039 1106 1106 1140 563
1129 1106 1262 1152 colligo
1278 1107 1385 1145 (Nzim
1408 1107 1489 1151 quid
1507 1110 1551 1139 est

848 1152 939 1196 quo'd
960 1151 1063 1195 opera
1088 1161 1121 1194 q.
1142 1154 1195 1195 s),
1224 1151 1286 1185 ubi
1314 1151 1478 1186 voculam
1505 1157 1552 1185 esi

849 1195 980 1241 corripi
998 1200 1079 1241 post
1095 1197 1380 1241 monosyllabam
1397 1201 1551 1230 tantum-
1597 1199 1599 1204 ’

848 1242 952 1275 modo
974 1252 1100 1276 vocem
1126 1242 1221 1276 licet.
1246 1263 1290 1266 —
1312 1242 1355 1276 In
1376 1243 1555 1286 aplzaeresz'

848 1287 1054 1321 vocularum
1070 1294 1117 1320 est
1135 1291 1171 1321 et
1187 1300 1220 1321 es
1234 1287 1453 1330 adhibenda,
1471 1298 1551 1321 cum

848 1332 931 1365 libri
949 1332 1187 1377 manuscripti
1208 1333 1312 1366 valde
1335 1332 1553 1367 fluctuarent

849 1387 916 1411 nec
937 1377 1054 1410 minus
1077 1377 1169 1411 falso
1193 1378 1404 1412 exhiberent
1418 1378 1489 1411 Ad.
1507 1377 1552 1412 21

849 1434 930 1455 usus
977 1429 1038 1465 est,
1087 1423 1183 1467 quod
1229 1426 1353 1457 contra
1398 1426 1553 1457 metrum

875 1472 1004 1513 ugnat,
1038 1479 1101 1512 pro
1130 1475 1240 1510 usust,
1274 1479 1381 1513 quam
1409 1468 1487 1502 cod.
1517 1468 1553 1502 A

850 1480 956 1547 1))11012
977 1513 1043 1548 715
1059 1520 1192 1546 cautust
1209 1524 1274 1558 pro
1291 1520 1410 1547 cautus
1427 1519 1474 1547 est
1494 1513 1554 1548 vel

850 1559 983 1593 Heaut.
1012 1558 1078 1593 908
1107 1560 1231 1604 filz‘aest
1261 1569 1326 1603 pro
1356 1560 1410 1603 fili
1438 1564 1487 1592 est
1517 1562 1554 1593 et

850 1605 920 1637 Ad.
954 1604 1020 1638 929
1050 1618 1069 1642 ς
1099 1605 1216 1637 uzorz's
1246 1611 1294 1638 est
1324 1615 1389 1648 pro
1422 1605 1553 1638 asem-ist

865 1668 906 1678 =
928 1650 1030 1683 uxori
1050 1655 1109 1693 est)
1139 1653 1175 1684 et
1197 1649 1329 1683 Heaut.
1353 1649 1398 1684 82
1424 1650 1553 1683 laboris

850 1701 897 1728 est
919 1706 984 1739 pro
1001 1696 1141 1728 laboris-t
1157 1697 1213 1738 (=
1229 1696 1343 1728 labori
1363 1696 1432 1737 est),
1455 1694 1551 1729 unde

851 1740 998 1774 consilio
1017 1740 1196 1784 quondam
1218 1740 1397 1785 pleniores
1419 1739 1552 1774 formas

851 1785 1055 1830 suppositas
1079 1796 1157 1819 esse
1183 1789 1245 1819 tuo
1272 1785 1349 1819 iure
1377 1785 1551 1828 conicias3

851 1842 936 1876 ego,
962 1836 1002 1864 ut
1024 1842 1091 1875 par
1113 1834 1182 1872 est,
1212 1841 1293 1864 cum
1315 1830 1553 1865 Fleckeiseno

851 1876 1002 1919 aliisque
1016 1879 1239 1910 constantem
1250 1876 1432 1920 quandam
1444 1879 1552 1920 atque

850 1925 931 1966 post
948 1921 1137 1955 Ritschelii
1155 1922 1200 1955 de
1220 1932 1263 1955 ea
1284 1932 1322 1955 re
1341 1920 1551 1965 disputatio-

850 1978 931 2001 nem
948 1966 1056 2009 (Prol.
1075 1967 1113 2000 in
1126 1967 1226 2000 Trin.
1245 1979 1279 2011 p.
1298 1967 1361 2001 107
1375 1970 1465 2010 sqq.)
1481 1965 1551 1999 usi-

850 2015 963 2046 tatam
986 2011 1200 2056 scripturam
1217 2012 1380 2046 codicum
1399 2011 1553 2045 auctori-

850 2057 918 2091 tati
949 2057 1118 2091 nimirum
1148 2057 1442 2102 praeponendam
1475 2067 1552 2090 esse

851 2102 945 2136 duxi.
993 2106 1102 2147 atque
1119 2102 1199 2136 usui
1221 2102 1327 2136 hodie
1351 2102 1426 2136 fere
1443 2102 1553 2146 vulgo

850 2151 996 2192 recepto
1013 2148 1081 2181 etsi
1097 2147 1134 2181 in
1155 2147 1283 2182 ceteris
1303 2147 1553 2191 orthographi-

851 2193 900 2227 cis
915 2193 1022 2227 rebus
1035 2193 1246 2238 plerumque
1260 2193 1451 2226 obsecutus
1463 2203 1552 2235 sum,

850 2239 885 2271 in
898 2238 1024 2283 paucis
1039 2242 1170 2277 tamen,
1188 2238 1250 2272 ubi
1265 2237 1420 2282 optimus
1433 2241 1555 2271 noster

850 2286 961 2318 codex
974 2283 1198 2317 memorabili
1212 2283 1471 2327 aequabilitate
1485 2282 1555 2316 sin-

849 2329 1013 2374 gularem
1038 2329 1220 2373 quandam
1247 2339 1315 2362 nec
1342 2339 1408 2372 per
1436 2338 1473 2361 se
1500 2338 1554 2362 re-

851 2374 1073 2419 probandam
1091 2374 1306 2418 scripturam
1323 2373 1486 2418 praebet,
1509 2375 1553 2415 (e.

850 2431 878 2453 c.
898 2421 1052 2463 necleyo,
1076 2420 1229 2464 aliquod,
1253 2420 1344 2464 quod
1358 2432 1401 2443 =
1417 2420 1555 2463 aliquot,

849 2471 938 2509 quot,
963 2476 1154 2506 accersere;
1178 2465 1252 2497 tz‘hz's
1268 2464 1306 2497 in
1323 2463 1555 2506 didascaliis),

850 2510 895 2543 ab
920 2521 963 2543 ea
985 2509 1081 2543 infra
1109 2521 1178 2543 non
1204 2509 1404 2551 discedam,
1433 2519 1555 2552 quam-

850 2566 957 2599 quam
970 2555 1006 2588 in
1020 2555 1077 2588 his
1090 2555 1197 2589 rebus
1210 2564 1385 2599 persaepe
1396 2553 1556 2587 codicem

852 2604 883 2633 A
901 2599 1030 2633 ceteris
1044 2599 1144 2634 libris
1163 2603 1199 2633 et
1215 2599 1366 2633 maxime
1380 2597 1518 2631 familia
1536 2598 1557 2630 δ

851 2645 1057 2679 inferiorem
1077 2655 1155 2679 esse
1172 2644 1276 2678 nobis
1289 2643 1477 2677 fatendum
1490 2646 1554 2677 est.

895 2690 951 2724 Dc
965 2702 1167 2724 scaenarum
1182 2690 1217 2723 in
1231 2688 1425 2723 comoediis
1435 2687 1556 2722 latinis
