1726 2984
184 142 234 186 11,
251 143 272 178 2
794 142 864 177 AN
867 141 992 176 DRIA
1477 132 1532 172 23

204 235 235 262 15
369 224 544 266 Libero:
575 225 747 265 uxorem
772 223 848 264 tibi
877 237 960 263 non
985 222 1056 264 dat
1081 222 1164 263 ie'un
1190 220 1405 263 Chremes.
1452 221 1530 262 ΡΑ.

813 284 900 338 Qui
925 285 1029 326 scis?
1075 284 1159 325 DA.
1197 283 1307 326 Scio.

365 348 479 390 Tuos
506 354 623 403 pater
651 348 775 389 modo
805 347 870 388 me
902 346 1138 402 prehendit:
1170 347 1226 387 ait
1255 346 1329 387 tibi
1360 347 1532 386 uxorem

814 409 912 451 dare

365 471 518 520 Hodie,
537 472 635 514 item
655 472 735 513 alia
753 472 896 521 multa,
911 486 1018 526 quae
1037 485 1148 512 nunc
1163 470 1246 512 non
1265 477 1327 512 est
1339 469 1533 512 narrandi

812 534 940 575 locus,

366 595 577 639 Continuo
602 596 655 638 ad
680 604 719 638 te
743 597 971 651 properans
1002 610 1197 650 percurro
1222 595 1276 636 ad
1307 595 1456 643 forum,
1488 601 1534 636 ut
1557 602 1624 637 355

814 659 949 700 dicam
974 658 1077 699 haec
1101 657 1187 698 tibi.

365 707 451 764 Vbi
475 729 515 763 te
539 736 623 763 non
652 721 834 770 inuenio,
864 721 922 762 ibi
953 720 1131 762 ascendo
1162 721 1205 761 in
1229 720 1439 774 quendam
1464 734 1535 761 ex-

814 784 971 825 celsum
996 783 1146 824 locum.

202 857 235 883 20
367 845 687 902 Circumspicio:
730 847 950 900 nusquam.
999 845 1106 887 forte
1147 844 1205 886 ibi
1247 844 1369 886 huius
1410 844 1534 885 uideo

813 908 1004 963 Byrriam
1015 924 1024 957 3

365 970 506 1026 Rogo:
533 977 658 1026 negat
682 970 849 1012 uidisse.
887 970 987 1011 mihi
1015 971 1233 1011 molestum
1243 985 1253 1018 3
1284 969 1385 1024 quid
1413 984 1535 1024 agam

812 1033 961 1088 cogito.

366 1095 574 1137 Redeunti
610 1095 766 1137 interea
797 1097 848 1136 ex
878 1096 969 1150 ipsa
1004 1110 1048 1136 re
1084 1094 1139 1135 mi
1176 1094 1319 1135 incidit
1355 1094 1536 1149 suspicio

817 1157 946 1207 ‘hem‚

365 1219 592 1261 Paululum
640 1220 804 1269 obsoni3
859 1220 974 1275 ipsus
1020 1219 1166 1268 tristis;
1222 1218 1272 1260 de
1325 1219 1536 1274 inprouiso
1560 1228 1627 1262 360

813 1282 999 1337 nuptiae:

366 1343 461 1385 Non
487 1344 734 1385 cohaerent.'
783 1344 861 1385 PA.
900 1343 1116 1396 Quorsum
1145 1359 1241 1384 nam
1271 1343 1403 1384 istuc?
1450 1343 1534 1385 DA.

815 1396 909 1461 Ego
929 1421 995 1448 me
1012 1406 1207 1447 continuo
1227 1405 1281 1446 aid
1297 1405 1534 1447 Chremem.

202 1479 235 1505 25
367 1467 507 1520 Quom
532 1468 602 1510 illo
628 1468 818 1518 aduenio,
850 1469 1029 1510 solitudo
1061 1476 1155 1510 ante
1186 1468 1355 1509 ostium:
1386 1468 1469 1509 iam
1493 1468 1536 1509 id

816 1531 992 1586 gaudeo.

255 1591 332 1634 Cn.
364 1592 494 1633 Recte
531 1592 646 1634 dicis.
706 1593 784 1634 PA.
826 1593 978 1649 Perge.
1038 1593 1122 1635 DA.
1165 1593 1335 1634 Maneo.
1378 1593 1536 1635 interea

813 1663 921 1696 mtro
946 1655 1005 1697 ire
1030 1655 1239 1696 neminem
1484 1664 1514 1684 ⁴⁸

366 1717 519 1766 Video,
569 1717 679 1759 exire
727 1718 955 1767 neminem3
1008 1718 1242 1760 matronam
1288 1718 1446 1759 nullam
1493 1719 1533 1762 in

813 1781 1001 1829 aedibus,

364 1842 434 1883 Nil
458 1843 604 1892 ornati,
630 1843 686 1884 nss
713 1843 895 1884 tumulti:
922 1842 1096 1892 accessi3
1122 1843 1228 1884 intro
1255 1845 1411 1898 aspexi.
1455 1843 1532 1885 ΡΑ.
1558 1853 1626 1888 365

815 1905 931 1948 Scio:

364 1967 570 2022 M‘c'tgnum
596 1967 774 2023 signum.
822 1967 906 2009 DA.
943 1968 1056 2009 Num
1086 1968 1281 2009 uidentur
1311 1968 1534 2010 conuenire

812 2030 914 2072 haec
939 2030 1118 2085 nuptiis?

200 2103 233 2129 30
251 2091 327 2133 ΡΑ.
359 2091 454 2133 Non
491 2092 654 2146 opinor,
691 2093 826 2134 Dz'tue.
875 2093 959 2134 DA.
1004 2091 1203 2148 ‘Opinor'
1241 2093 1407 2134 mitras?
1450 2108 1533 2134 non

809 2163 919 2197 recte
944 2156 1117 2210 decipis:

365 2214 492 2257 Certa
516 2231 580 2258 res
607 2224 678 2259 est.
712 2217 836 2258 etiam
862 2233 1038 2272 puerum
1063 2218 1159 2259 inde
1183 2218 1327 2259 abiens
1353 2221 1531 2261 conueni

811 2278 1001 2321 Chremi:

365 2341 523 2382 Holera
548 2349 585 2383 et
611 2342 830 2396 pisciculos
851 2343 1030 2384 minutos
1057 2343 1164 2384 ferre
1183 2343 1304 2384 obolo
1324 2343 1366 2385 in
1385 2347 1530 2386 cenam

814 2406 914 2447 seni.

251 2464 329 2507 CH.
362 2465 585 2508 Liberatus
611 2482 702 2509 sum
727 2467 863 2516 hodie,
889 2468 1027 2517 Daue,
1058 2468 1129 2509 tua
1155 2483 1294 2522 opera.
1343 2469 1425 2510 DA.
1464 2471 1530 2511 Ac
1554 2475 1622 2509 370

807 2530 945 2571 nullus
970 2530 1151 2584 quidem.

251 2589 328 2632 Cn.
361 2589 476 2642 Quid
500 2591 581 2633 ita?
605 2607 753 2647 nempe
775 2592 871 2634 huic
897 2593 1064 2647 prorsus
1090 2592 1203 2633 illam
1222 2592 1306 2634 non
1327 2593 1406 2638 dat.
1445 2593 1527 2636 DA.

808 2655 1046 2697 Ridiculum
1072 2666 1208 2711 caput,
