1726 2984
211 113 242 158 4
667 122 794 159 vl'rA
817 123 1040 160 TERENTI

212 204 405 250 temptiore
437 203 590 248 uestitu,
623 202 795 237 subsellio
827 202 926 238 iuxta
953 203 1124 238 lectulum
1157 204 1318 239 residens
1345 203 1579 250 legisse‚ed-R·

214 264 297 307 post
318 271 453 307 paucos
469 270 556 295 uero
579 269 705 294 uersus
726 259 901 294 inuitatus
922 263 963 294 ut
985 260 1216 295 accumberet
1238 270 1385 295 cenasse
1406 271 1490 305 una,
1502 248 1530 272 μ
1542 241 1575 266 ²⁹

215 318 300 353 dein
331 322 452 353 cetera
483 315 750 362 percucurrisse
788 327 860 350 non
891 316 967 351 sine
999 327 1132 363 magna
1161 315 1307 352 Caecilii
1338 317 1491 352 admira-

214 374 320 409 tione.
369 378 406 409 et
426 374 522 408 hanc
547 376 669 408 autem
698 375 735 407 et
761 373 919 418 quinque
948 373 1105 418 reliquas
1134 374 1333 418 aequaliter
1359 374 1493 419 populo
1516 386 1532 412 5

170 432 192 465 5
215 430 400 476 probauit,
440 429 605 475 quamuis
637 429 830 464 Volcacius
867 430 903 464 in
935 429 1218 465 dinumeratione
1252 430 1410 465 omnium
1441 430 1494 466 ita

215 486 367 522 scribat:

288 553 311 591 -ι-
337 548 507 584 Sumetur
524 548 672 592 Hecyra
689 550 789 581 sexta
806 558 848 580 ex
864 546 920 580 his
937 547 1073 581 fabula.

215 612 412 646 Eunuchus
445 610 592 656 quidem
620 608 677 643 bis
711 609 874 654 deinceps
901 613 984 644 acta
1012 613 1067 644 est
1095 610 1296 655 meruitque
1329 611 1495 656 pretium,

219 672 392 714 quantum
420 667 520 702 nulla
547 669 656 701 antea
683 666 896 710 cuiusquam
924 666 1128 711 comoedia,
1156 667 1193 701 id
1218 671 1273 701 est
1294 671 1374 702 octo
1396 669 1497 703 milia

150 726 193 761 10
216 736 417 768 nummum3
437 726 632 769 propterea
649 734 788 756 summa
805 733 946 768 quoque
964 723 1069 757 titulo
1087 723 1289 758 ascribitur.
1325 730 1339 744 *
1364 729 1378 744 *
1404 730 1416 744 *
1442 730 1456 745 *
1481 730 1494 745 ⁸
1520 737 1552 762 10

216 793 301 816 nam
328 781 579 826 Adelphorum
606 779 824 825 principium
846 780 963 816 Varro
992 780 1102 815 etiam
1129 780 1291 826 praefert
1318 781 1495 827 principio
1514 800 1541 824 p.
1554 793 1587 818 30

217 838 420 873 Menandri.

308 900 391 936 Non
420 900 574 934 obscura
602 898 701 932 fama
729 902 784 933 cst
811 899 973 934 adiutum
1000 899 1210 933 Terentium
1240 900 1277 933 in
1306 900 1448 945 scriptis
1476 912 1498 935 a

218 958 346 993 Laelio
370 961 407 992 et
430 956 616 1002 Scipione,
647 967 795 1001 eamque
824 956 902 1001 ipse
927 956 1026 990 auxit
1054 968 1249 1001 numquam
1276 957 1346 991 nisi
1370 958 1498 992 leuiter

151 1016 195 1050 15
218 1015 377 1050 refutare
396 1017 557 1058 conatus,
575 1016 614 1047 ut
630 1012 669 1046 in
685 1013 835 1058 prologo
851 1012 1116 1057 Adelphorum:

265 1083 359 1118 Nam
376 1081 473 1127 quod
490 1081 550 1115 isti
568 1081 694 1115 dicunt
710 1079 890 1124 mzileuoli,
908 1080 1071 1115 homines
1088 1079 1218 1114 nobilis
1521 1091 1539 1119 c,

264 1140 372 1174 Hunc
389 1137 556 1173 adiutare
574 1135 800 1182 adsidueque
817 1148 890 1171 una
906 1135 1079 1172 scribere:

265 1196 370 1237 Quod
387 1193 441 1229 illi
459 1194 690 1228 maledictum
708 1193 904 1228 ue'hemens
923 1204 1000 1227 esse
1020 1191 1247 1237 existumant,

265 1253 355 1287 Eam
373 1250 519 1286 laudem
535 1250 594 1284 hic
612 1250 712 1284 ducit
727 1248 942 1293 maxumam,
962 1261 1067 1294 quom
1083 1248 1156 1284 ilh's
1174 1251 1305 1295 placet,

151 1311 197 1346 20
267 1309 337 1350 Qui
353 1307 458 1343 uobis
474 1305 654 1342 uniudrsis
672 1310 708 1341 et
724 1305 859 1352 populo
877 1300 1034 1352 placent,

267 1366 426 1407 Quorum
443 1363 555 1409 opera
570 1363 607 1397 in
625 1363 733 1406 bello,
751 1363 789 1397 in
806 1362 891 1407 (itio,
908 1363 945 1396 in
962 1361 1109 1408 ncgdtio
1527 1377 1558 1402 10

268 1423 339 1458 Suo
357 1420 510 1466 quisque
528 1424 690 1465 tempore
706 1417 809 1453 usust
826 1419 903 1453 sine
921 1417 1103 1464 supe'rbia.

221 1492 365 1526 uidetur
388 1494 507 1524 autem
530 1500 568 1523 se
591 1487 708 1522 leuius
731 1487 955 1531 defendisse,
985 1488 1071 1533 quia
1094 1487 1232 1522 sciebat
1262 1491 1298 1522 et
1319 1487 1446 1522 Laelio
1469 1492 1505 1523 et

224 1547 384 1594 Scipioni
401 1557 472 1580 non
488 1546 670 1590 ingratam
688 1556 766 1578 esse
783 1544 877 1579 hanc
894 1544 1115 1590 opinionem:
1135 1555 1227 1589 quae
1244 1547 1320 1578 tum
1337 1544 1453 1590 magis
1470 1549 1506 1578 et

154 1607 199 1642 25
222 1616 336 1650 usque
361 1604 408 1638 ad
432 1603 632 1648 posteriora
655 1604 821 1646 tempora
842 1601 967 1635 ualuit.
1018 1600 1056 1635 C.
1076 1601 1267 1635 Memmius
1290 1600 1326 1634 in
1344 1601 1504 1635 oratione
1530 1616 1561 1639 15

223 1674 288 1708 pro
316 1673 354 1696 se
382 1660 440 1694 ιΡ.
472 1659 696 1702 Africanus,'
725 1658 859 1703 inquit,
883 1660 922 1692 ‘a
944 1658 1117 1692 Terentio
1146 1669 1336 1703 personam
1364 1662 1502 1692 mutua·
1521 1678 1549 1702 p,
1563 1672 1593 1697 31

224 1724 293 1763 tus,
316 1728 409 1763 quae
432 1716 529 1751 domi
551 1716 686 1750 luserat
707 1715 798 1760 ipse,
821 1714 964 1748 nomine
987 1714 1083 1748 illius
1102 1714 1139 1748 in
1163 1725 1330 1748 scaenam
1353 1714 1505 1748 detulit.’

224 1776 348 1820 Nepos
381 1777 526 1808 auctore
559 1775 656 1807 certo
691 1771 906 1816 comperisse
946 1782 983 1805 se
1022 1771 1089 1814 ait,
1123 1771 1161 1805 C.
1196 1770 1361 1805 Laelium
1394 1782 1504 1815 quon-

226 1833 309 1866 dam
344 1831 382 1865 in
413 1829 615 1864 Puteolano
652 1828 818 1863 kalendis
861 1827 1003 1861 Martiis
1042 1828 1263 1862 admonitum
1301 1827 1346 1861 ab
1384 1838 1504 1871 uxore,

157 1890 202 1925 30
225 1887 422 1933 temperius
452 1890 494 1921 ut
523 1885 774 1927 discumberet,
807 1884 940 1929 petisse
970 1884 1016 1918 ab
1046 1895 1089 1918 ea
1120 1895 1165 1918 ne
1197 1884 1504 1928 interpellaretur,

226 1956 377 1990 seroque
408 1943 555 1978 tandem
587 1942 788 1988 ingressum
819 1940 1014 1974 triclinium
1053 1941 1184 1974 dixisse
1221 1951 1292 1974 non
1329 1951 1437 1985 saepe
1468 1940 1506 1974 in
1530 1954 1545 1979 5

227 2001 417 2036 scribendo
443 1999 561 2046 magis
590 1998 659 2033 sibi
687 1997 918 2041 successisse,
952 1997 1082 2032 deinde
1111 2000 1275 2043 rogatum
1305 2001 1343 2030 ut
1373 1997 1507 2042 scripta

225 2059 289 2093 illa
311 2057 506 2103 proferret,
535 2055 786 2102 pronuntiasse
813 2065 939 2089 uersus
964 2054 1026 2097 qui
1054 2057 1137 2087 sunt
1166 2054 1203 2087 in
1231 2053 1504 2088 Heautontimo-

226 2125 392 2150 rumeno:

159 2174 204 2208 35
275 2171 369 2207 Satis
386 2169 448 2216 pol
464 2173 633 2216 proterue
651 2166 708 2202 me
727 2167 809 2214 Syri
826 2165 1002 2213 promissa
1019 2167 1089 2200 huc
1107 2164 1332 2201 induxerunt.

230 2240 360 2275 Santra
383 2238 595 2273 Terentium
619 2237 810 2279 existimat,
834 2236 864 2270 si
886 2235 992 2270 modo
1015 2235 1052 2268 in
1075 2234 1266 2269 scribendo
1283 2235 1506 2270 adiutoribus
1531 2250 1563 2274 10

227 2296 443 2342 indiguerit,
467 2306 538 2330 non
560 2298 635 2329 tam
658 2293 827 2338 Scipione
852 2296 888 2326 et
910 2291 1037 2327 Laelio
1060 2292 1112 2325 uti
1135 2291 1312 2337 potuisse,
1337 2292 1396 2336 qui
1421 2296 1508 2326 tunc

229 2351 491 2388 adulescentuli
504 2351 648 2394 fuerint,
658 2361 764 2394 quam
773 2349 810 2384 C.
823 2348 982 2394 Sulpicio
993 2348 1110 2392 Gallo,
1120 2348 1262 2383 homine
1272 2348 1376 2382 docto
1391 2351 1426 2382 et
1439 2360 1506 2393 quo

230 2409 372 2444 consule
386 2407 646 2452 ,Meyalensibus
666 2405 761 2440 ludis
779 2405 921 2440 initium
935 2405 1139 2440 fabularum
1154 2405 1352 2439 dandarum
1368 2404 1505 2447 fecerit,

161 2468 206 2501 40
229 2466 288 2500 uel
317 2465 358 2506 Q.
389 2464 504 2499 Fabio
529 2465 702 2499 Labeone
731 2466 766 2497 et
795 2462 842 2498 M.
871 2461 1047 2507 Popillio,
1077 2462 1257 2496 consulari
1284 2465 1435 2505 utroque
1464 2472 1505 2494 ac
1524 2474 1596 2506 μω

230 2524 349 2568 poeta.
398 2521 481 2556 ideo
514 2521 631 2566 ipsum
659 2531 730 2554 non
757 2519 907 2553 iuuenes
936 2519 1143 2564 designare,
1177 2518 1239 2563 qui
1268 2528 1306 2552 se
1335 2517 1506 2552 adiuuare

232 2579 410 2621 dicantur,
434 2578 497 2612 sed
520 2578 628 2621 uiros,
653 2587 802 2621 quorum
826 2587 973 2621 operam
998 2580 1033 2612 et
1054 2575 1090 2611 in
1109 2575 1204 2610 bello
1224 2578 1258 2610 et
1274 2574 1310 2608 in
1329 2574 1400 2609 otio
1419 2573 1505 2608 etin

231 2634 377 2681 negotio
394 2634 546 2681 populus
565 2634 610 2668 sit
629 2636 806 2679 expertus.
