1726 2984
158 167 224 213 1v‚
242 167 263 203 1

176 321 210 347 15

225 679 301 719 ΡΑ.

228 802 306 845 Cn.

176 941 208 964 20
226 927 303 968 ΡΑ.

226 1053 303 1093 ΡΑ.

228 1301 305 1342 ΡΑ.

177 1560 211 1586 25

229 1923 305 1964 ΡΑ.

231 2047 306 2090 Cn.

177 2186 210 2211 30

228 2298 306 2340 ΡΑ.

767 161 967 200 ANDRIA
1449 147 1505 192 35

342 246 427 289 Vbi
452 247 555 302 dpus
581 252 660 295 est3
685 245 744 286 illi
768 244 838 285 fibi
863 244 920 285 nil
945 244 1080 299 opust,
1105 241 1162 283 ibi
1186 242 1394 283 ueremur.

339 309 425 351 Sed
449 308 548 362 quid
573 307 723 362 agam?
753 306 954 347 adeamne
984 305 1038 346 ad
1063 320 1158 346 eum
1183 310 1223 345 et
1252 318 1348 344 cum
1372 317 1422 344 eo
1445 301 1508 343 in-

347 417 357 429 ,
786 367 935 408 iuriam
960 367 1067 408 hanc
1093 365 1379 420 expcstulem?

338 431 534 486 Ingeram
559 431 669 472 mala
692 429 847 471 multa?
872 437 995 482 atque
1015 427 1163 482 aliquis
1183 427 1294 469 dicat
1318 426 1395 467 ‘nil
1414 441 1509 481 pro·
1532 434 1600 468 640

789 491 1007 533 mdueris':

337 554 541 596 Multum:
587 555 786 596 molestus
828 555 940 595 certe
980 553 1017 595 ei
1057 552 1175 593 fuero
1211 558 1336 605 atque
1371 550 1509 591 animo

790 631 948 657 morem
973 617 1153 671 gessero.

340 677 536 729 Charine,
568 686 608 720 et
638 694 706 720 me
735 686 776 720 et
807 686 847 719 te
878 677 1119 733 inprudens,
1149 675 1227 716 nisi
1257 674 1358 729 quid
1382 674 1424 715 di
1448 689 1511 716 re-

348 791 356 803 ,
790 740 982 795 spiciunt,
1009 738 1183 794 perdidi.

338 804 457 846 Itane
494 803 784 859 ‘inprudens'?
821 803 989 844 tandem
1024 801 1233 843 inuentast
1264 800 1408 840 causa:
1446 813 1511 840 so-

787 865 900 906 luisti
923 864 1060 905 fidem.

343 928 457 981 Quid
493 928 724 969 ‘tandem'?
796 925 874 968 Cn.
924 927 1064 967 Etiam
1100 926 1211 966 nunc
1252 939 1319 965 me
1360 923 1512 964 ducere

790 989 878 1031 istis
904 989 1023 1030 dictis
1048 987 1258 1043 pcstulas‘?

341 1052 456 1105 Quid
486 1053 593 1094 istuc
625 1053 711 1094 est?
769 1050 847 1093 CH.
883 1051 1116 1104 Postquam.
1147 1065 1212 1091 me
1244 1063 1383 1090 amare
1413 1047 1512 1097 dixi,
1537 1053 1604 1088 645

789 1114 1058 1168 conplacitast
1084 1112 1172 1153 tibi.

339 1178 436 1219 Heu
467 1192 533 1218 me
563 1176 780 1225 miserum,
819 1178 891 1229 qui
926 1183 1042 1216 tuom
1074 1175 1258 1216 animum
1290 1188 1341 1215 ex
1374 1172 1513 1214 animo

791 1239 977 1293 spectaui
1001 1237 1111 1279 meo!

343 1301 520 1342 Falsu's.
595 1299 673 1342 Cn.
722 1300 873 1342 Nonne
917 1300 992 1341 tibi
1033 1307 1097 1341 sat,
1133 1314 1222 1340 esse
1259 1298 1338 1340 hoc
1375 1299 1514 1339 uisum

793 1363 1010 1404 sclidumst
1035 1362 1250 1417 gaudium,

341 1425 399 1466 Ni
431 1441 498 1467 me
533 1426 730 1467 lactasses
766 1433 974 1467 amantem
1017 1432 1057 1466 et
1098 1424 1204 1465 falsa
1244 1438 1318 1478 spe
1360 1422 1514 1478 produ-

793 1487 932 1529 ceres?
955 1514 1047 1542 μ..

341 1549 526 1590 Habeas.
563 1550 640 1590 ΡΑ.
666 1549 887 1591 Habeam?
912 1548 977 1597 ah,
997 1549 1131 1590 nescis
1149 1548 1314 1602 quantis
1333 1548 1375 1588 in
1395 1546 1513 1588 malis

790 1612 934 1652 uorscr
957 1611 1094 1660 miser,

342 1672 615 1727 Quantasque
641 1674 707 1715 hic
732 1674 912 1715 consiliis
938 1674 1023 1714 suis
1052 1672 1189 1729 [mihi]
1217 1671 1413 1714 conflauit
1433 1672 1513 1713 sol·
1537 1675 1605 1710 650

792 1736 1041 1786 licitudines‚

340 1798 465 1840 Meus
486 1799 697 1841 carnufex.
747 1798 826 1841 Cn.
853 1798 970 1851 Quid
994 1799 1099 1840 istuc
1124 1806 1209 1839 tam
1234 1798 1436 1847 mirumst,
1461 1797 1512 1839 de:

790 1870 831 1903 te
855 1861 890 1902 si
915 1862 1150 1916 exemplum
1178 1860 1312 1916 capit?

343 1924 472 1964 Haud
495 1925 603 1965 istuc
628 1923 757 1973 dicas,
783 1926 817 1965 si
842 1923 1033 1979 cognoris
1058 1923 1125 1964 uel
1151 1938 1217 1964 me
1242 1923 1308 1965 ue]
1329 1924 1512 1964 amorem

790 2001 945 2028 meum.

339 2048 455 2091 Scio:
499 2049 593 2090 cum
630 2056 746 2104 patre
783 2049 991 2091 altercasti
1033 2048 1210 2098 dudum,
1255 2055 1295 2090 et
1330 2049 1365 2089 is
1400 2063 1512 2090 nunc

790 2113 1011 2166 propterea
1035 2111 1111 2152 tibi

342 2173 567 2216 Susccnset
608 2189 685 2216 nec
726 2182 765 2216 te
803 2174 937 2228 quiuit
972 2173 1095 2215 hodie
1132 2175 1281 2228 ccgere
1318 2173 1430 2214 illam
1465 2180 1512 2214 ut

791 2237 976 2278 duceres.

342 2299 476 2340 Immo
501 2299 638 2348 e'tiam,
664 2314 788 2353 quom
813 2306 858 2340 tu
881 2301 1019 2340 minus
1044 2299 1123 2340 scis
1142 2300 1362 2340 aerumnas
1381 2314 1509 2349 meas,
1535 2307 1601 2342 655

340 2362 459 2402 Haec
483 2362 652 2416 nuptiae
677 2377 760 2403 non
784 2362 1095 2417 adparabantur
1119 2361 1232 2410 mihi,

340 2423 429 2464 Nec
454 2424 691 2478 pcstulabat
715 2425 824 2465 ni'mc
849 2424 1069 2477 quisquam
1096 2424 1269 2464 uxorem
1295 2423 1405 2464 dare.

230 2483 308 2527 Cn.
342 2483 458 2527 Scio:
484 2485 529 2525 tu
554 2493 722 2527 coactus
747 2488 818 2526 tua
842 2485 1057 2527 uoluntate
1082 2487 1139 2526 cs.
1193 2484 1271 2525 PA.
1302 2484 1451 2526 Mane:

176 2559 209 2584 35

226 2672 302 2715 ΡΑ.

339 2546 434 2587 Non
455 2547 552 2588 dum
573 2548 665 2589 scis.
715 2546 793 2589 Cn.
821 2546 919 2589 Scio
941 2547 1132 2601 equidem
1152 2547 1265 2588 illam
1286 2546 1506 2589 ducturum

790 2612 879 2651 c'sse
904 2618 957 2650 te.

341 2670 460 2727 Quor
483 2687 549 2713 me
574 2673 737 2716 c'nicas‘?
761 2673 839 2714 hoc
865 2672 978 2714 audi:
1005 2686 1235 2726 numquam
1260 2672 1415 2713 destitit
1529 2676 1596 2712 660

1234 2737 1277 2774 δὴ
